3292 5067
764 409 940 464 ..24-

304 585 476 652 libratior.
510 594 545 649 et
568 585 680 650 lictor.
714 592 750 646 et
773 582 898 648 viator.
931 582 1016 645 item
1038 599 1253 662 praeconum
1287 591 1322 645 et
1340 588 1344 662 1
1364 589 1400 644 et

305 694 535 773 argentarios.
570 701 605 755 et
626 689 850 771 negotiator.
881 689 1045 753 vinarior.
1083 691 1126 752 ab
1162 690 1249 752 urbe
1280 695 1284 768 1
1314 689 1399 751 item

303 815 455 865 mensor.
478 796 736 862 frumentarios.
761 795 901 859 Cereris
917 793 1011 875 Aug.
1035 796 1119 857 item
1143 812 1278 874 corpor.
1300 801 1304 874 1
1325 812 1399 858 sca-

304 905 456 986 pharior.
488 911 522 967 et
551 902 821 968 lenuncularior.
856 902 991 967 traieci.
1015 901 1153 964 Luculli
1177 910 1211 964 et
1230 908 1234 981 1
1253 900 1399 964 dendro-

304 1012 454 1091 phorum
477 1018 512 1073 et
535 1018 686 1090 togator.
711 1028 732 1071 a
755 1007 832 1071 foro
856 1017 891 1071 et
915 1008 958 1070 de
982 1015 1174 1088 sacomam
1194 1016 1229 1071 et
1244 1008 1398 1073 liberior.

305 1127 340 1180 et
364 1133 496 1181 servor.
521 1115 691 1196 publicor.
722 1123 757 1177 et
780 1114 940 1179 olearior.
966 1122 1001 1176 et
1023 1115 1137 1179 iuven.
1157 1119 1160 1193 1
1179 1113 1340 1179 cisianor.
1365 1121 1400 1175 et

304 1232 502 1288 veteranor.
520 1220 613 1300 Aug.
637 1221 720 1283 item
744 1221 997 1286 beneficiarios.
1021 1238 1115 1300 proc.
1135 1227 1138 1302 1
1157 1218 1251 1299 Aug.
1276 1228 1311 1281 et
1333 1219 1399 1299 pis-

306 1338 414 1395 cator.
449 1329 626 1410 propular.
663 1328 817 1417 curatori
852 1328 950 1390 lusus
986 1326 1159 1389 iuvenalis
1190 1333 1194 1406 1
1225 1325 1287 1390 Cn.
1317 1325 1400 1388 Sen-

305 1436 374 1499 tius
397 1435 553 1500 Lucilius
585 1441 588 1516 1
619 1434 768 1498 Gamala
793 1434 995 1500 Clodianus.
1020 1433 1043 1499 f.
1072 1440 1076 1513 1
1105 1433 1196 1513 patri
1219 1432 1400 1513 indulgen-

305 1542 451 1608 tissimo.

350 1682 382 1750 3.
407 1681 506 1746 Ostia
530 1683 622 1764 (eph.
648 1700 701 1762 ep.
726 1680 792 1745 VII
820 1680 928 1763 1224).

413 1787 451 1854 C.
476 1788 596 1852 Bibius
615 1794 620 1867 1
639 1788 794 1851 Felician
813 1794 817 1867 1
837 1804 879 1849 us
903 1787 983 1849 iube
1001 1794 1007 1866 1
1025 1786 1128 1851 nibus
1153 1786 1184 1849 d.
1203 1786 1235 1853 d.

349 1929 382 1997 4.
406 1929 604 1993 Lanuvium
628 1928 726 2012 (XIV
750 1928 862 2010 2113).

412 2035 457 2101 M.
484 2036 603 2101 Aurei.
629 2035 722 2116 Aug.
747 2035 804 2097 lib.
832 2041 835 2113 1
862 2032 979 2113 Agilio
1003 2033 1201 2113 Septentrio
1230 2040 1234 2113 1
1262 2033 1299 2095 ni
1321 2050 1402 2113 pan-

306 2142 450 2204 tomimo
475 2144 529 2205 sui
548 2150 552 2224 1
571 2142 739 2223 temporis
762 2140 875 2222 primo
892 2139 1040 2202 sacerdo
1059 2145 1063 2219 1
1082 2139 1108 2201 ti
1130 2139 1281 2219 synhodi
1297 2122 1402 2219 Apol-

291 2248 388 2328 linis
412 2267 457 2329 pa
477 2255 481 2329 1
499 2250 609 2313 rasito
634 2251 774 2312 alumno
804 2246 995 2310 Faustinae
1015 2252 1019 2325 1
1044 2246 1137 2325 Aug.
1162 2246 1333 2326 producto
1358 2247 1401 2309 ab

308 2354 388 2435 imp.
415 2354 460 2417 M.
493 2361 497 2435 1
527 2355 648 2422 Aurel.
685 2353 878 2417 Commodo
913 2350 1045 2414 Antoni
1076 2358 1080 2431 1
1109 2370 1155 2414 no
1188 2352 1250 2414 Pio
1284 2352 1403 2415 Felice

310 2459 475 2541 Augusto
506 2467 510 2540 1
541 2461 756 2524 ornamentis
795 2444 1010 2524 decurionat.
1046 2465 1050 2539 1
1087 2439 1229 2521 decreto
1271 2443 1402 2523 ordinis

220 2571 223 2578 '
307 2575 477 2630 exornato
497 2573 501 2647 1
521 2575 556 2629 et
579 2568 705 2630 allecto
729 2566 820 2628 inter
843 2566 989 2627 iuvenes
1010 2571 1013 2645 1
1033 2584 1060 2628 s.
1078 2582 1111 2644 p.
1129 2584 1160 2646 q.
1186 2564 1403 2630 Lanuvinus.

351 2706 383 2773 ὅ.
407 2704 605 2769 Lanuvium
630 2704 728 2787 (XIV
752 2704 863 2786 2121).

413 2821 458 2887 M.
483 2820 628 2884 Valerio
652 2820 698 2887 M.
722 2820 745 2886 f.
777 2827 781 2901 1
812 2819 890 2887 aed.
915 2819 995 2883 dict.
1022 2825 1025 2899 1
1050 2819 1159 2899 praef.
1177 2820 1369 2883 iuventutis
1397 2826 1401 2898 1

307 2927 501 3006 municipes
531 2928 767 3008 compiteuses
795 2926 977 2988 veicorum
996 2932 1000 3005 1
1020 2926 1172 3006 quinque
1202 2926 1305 3006 quod.
1329 2944 1404 3006 spe-

308 3050 371 3096 cus
394 3032 503 3095 millia
521 3040 525 3113 1
545 3051 674 3113 passus
698 3034 766 3096 tria
793 3032 889 3095 milia
912 3032 1079 3112 purgavit
1102 3031 1224 3094 refecit
1244 3038 1247 3108 1
1267 3031 1403 3095 fistulas

307 3139 464 3220 reposuit
487 3140 615 3203 balnea
638 3139 753 3203 virilia
779 3146 782 3219 1
810 3147 960 3218 utraque
985 3147 1019 3200 et
1042 3138 1212 3201 muliebre
1243 3139 1286 3201 de
1310 3156 1375 3202 sua
1397 3146 1402 3218 1

307 3245 455 3325 pecunia
479 3243 601 3309 refecit
624 3233 753 3327 populo
777 3247 954 3313 viscerati.
974 3254 978 3327 1
998 3248 1214 3328 gladiatores
1238 3247 1333 3310 dedit
1356 3247 1404 3308 lu-

308 3351 404 3413 mina
427 3351 597 3433 1111111511.
622 3352 657 3419 S.
681 3371 726 3419 m.
750 3371 779 3420 r.
803 3353 901 3416 solus
925 3353 1017 3417 fecit.

352 3491 385 3559 6.
408 3490 607 3556 Lanuvium
632 3492 730 3575 (XIV
753 3493 893 3573 4178b).

415 3605 557 3670 Dessau
580 3607 679 3688 legit:
706 3606 854 3693 [Medico
870 3606 1047 3669 ordinario
1063 3607 1241 3686 legionum
1257 3607 1405 3669 duarum

308 3709 420 3796 1111111
444 3712 582 3793 primig.
607 3712 725 3776 Germ.
755 3720 759 3794 1
787 3731 819 3793 p.
845 3712 868 3778 s.
891 3713 976 3775 item
1000 3712 1118 3777 Germ.
1144 3719 1148 3792 1
1172 3695 1279 3775 'xxx
1303 3711 1344 3778 u
1369 3730 1404 3778 v.

309 3819 511 3905 quaestori]
541 3826 545 3900 1
575 3828 724 3900 patrono
755 3829 790 3884 et
818 3818 1000 3905 civi[ord0]
1033 3825 1036 3899 1
1067 3819 1232 3882 iuvenum
1256 3817 1405 3882 Lanuvi-

263 3919 266 3926 “
308 3925 457 4012 n[orum]
479 3932 483 4006 1
502 3926 547 3989 ob
571 3925 696 3988 merita
720 3926 806 3992 eius

355 4064 386 4132 7.
410 4064 555 4128 Ficulea
578 4064 677 4148 (XIV
700 4065 812 4148 4014).

416 4178 491 4244 Hos
536 4180 657 4244 titulos
702 4180 857 4261 explicat
894 4179 1118 4245 Hermannus
1157 4180 1299 4246 Dessau
1337 4182 1404 4244 ita:
