3292 5067
771 432 883 484 n..1ss
920 459 953 472 ..

317 621 453 702 equites
464 619 642 690 Romanos
659 639 750 703 equo
774 622 914 702 publico
940 640 997 689 nn.
1016 623 1066 703 19,
1083 623 1136 689 52.
1160 611 1414 686 Liebenamum

316 738 425 797 recte,
446 727 563 791 dicere
573 732 596 808 1)
642 726 791 808 collegia
825 728 975 790 libenter
1020 731 1208 808 cooptasse
1243 738 1413 809 patronos

316 833 493 913 municipii
515 836 573 897 vel
589 834 746 900 coloniae
764 842 910 914 apparet
935 852 980 896 ex
1003 834 1113 897 titulis
1141 853 1198 901 nn.
1220 836 1269 915 17,
1287 835 1340 914 28,
1358 835 1411 898 52.

317 938 362 1001 Ut
378 940 467 1002 tiluli
483 939 612 1018 dicunt,
629 949 798 1020 patronus
816 949 1001 1020 cooptatur
1028 941 1092 1027 „ob
1109 940 1254 1004 merita“
1283 946 1327 1022 (n.
1346 941 1411 1021 17),

312 1047 659 1125 ·,‚pr0pter.exempla
678 1046 955 1109 munificentiae“
975 1052 1022 1128 (n.
1042 1047 1097 1127 19)
1122 1047 1187 1133 „ob
1203 1055 1412 1109 renovatum

316 1153 431 1214 iusum
454 1151 639 1215 iuvenum“
667 1155 713 1235 (n.
730 1152 781 1234 18)
809 1152 921 1239 ²,quod
946 1152 1243 1232 amphitheatrum
1267 1170 1332 1215 sua
1355 1170 1412 1233 pe-

315 1258 418 1320 cunia
442 1257 524 1320 fecit
540 1257 818 1338 dedicavitque“.
858 1257 929 1322 Sed
952 1277 1023 1321 non
1039 1259 1144 1322 modo
1168 1260 1212 1321 ob
1230 1257 1411 1338 beneficia,

310 1382 406 1446 *quae
430 1366 648 1445 cooptandus
683 1366 752 1428 iam
788 1364 894 1446 dedit,
932 1365 1126 1428 sedetiam
1161 1366 1283 1444 oben,
1320 1382 1411 1444 quae

315 1479 517 1551 cooptatum
545 1471 709 1535 daturum
741 1489 821 1534 esse
855 1472 1056 1557 sperabant,
1092 1472 1253 1534 homines
1276 1471 1413 1533 nobiles

314 1577 453 1657 patroni
475 1577 572 1655 fiunt,
597 1578 632 1640 id
648 1578 742 1658 quod
765 1595 837 1641 non
853 1589 1021 1641 verentur
1045 1578 1186 1641 sodales
1203 1579 1297 1640 clare
1315 1594 1412 1656 aper-

315 1693 419 1764 teque
444 1683 570 1750 dicere.
610 1683 700 1747 Nam
724 1684 759 1746 in
782 1684 884 1747 titulo
908 1703 941 1750 n.
959 1683 1312 1765 231egimus:*„p1us
1336 1701 1411 1764 spe-

314 1801 434 1852 ramus
450 1789 619 1852 beneficia
639 1790 804 1853 uberiora
821 1798 902 1870 post
925 1801 990 1853 nos
1008 1791 1286 1869 consequituros‚
1312 1790 1412 1852 cuius

310 1896 349 1958 in
372 1896 562 1976 praetento
587 1913 759 1959 summam
793 1895 1034 1975 dignationem
1069 1897 1243 1959 sensimus
1274 1907 1308 1959 et
1331 1896 1412 1959 ideo

315 2010 520 2081 cooptamus
531 2000 698 2064 Rutilium
712 2001 896 2065 Viatorem
918 2001 1138 2082 patronum“.
1174 2002 1257 2066 Inde
1281 2002 1410 2081 evenit,

314 2118 352 2170 ut
375 2124 501 2169 munus
533 2108 672 2188 patroni
696 2108 836 2187 collegii
859 2124 1027 2186 magnum
1056 2117 1234 2188 sumptum
1257 2107 1410 2175 afferret.

311 2214 423 2277 immo
446 2232 510 2293 pro
534 2215 644 2277 titulis
673 2215 750 2278 sive
783 2213 919 2293 statuis
953 2232 1044 2294 quae
1078 2215 1228 2294 collegia
1252 2214 1295 2277 iis
1319 2214 1411 2277 dedi-

313 2332 406 2400 cant,
429 2308 624 2401 impensam
646 2338 717 2383 non
733 2320 837 2384 modo
861 2321 928 2401 ipsi
951 2322 1090 2384 solvere
1115 2322 1229 2384 solent
1256 2321 1410 2401 „honore

314 2427 487 2491 contenti“
502 2431 537 2510 ²),
562 2428 626 2491 sed
649 2427 792 2506 insuper
809 2429 854 2490 ob
880 2428 1136 2491 dedicationem
1160 2429 1338 2508 sportulas
1363 2427 1412 2491 di-

313 2535 484 2616 vidunt8).
531 2534 587 2598 Fit
612 2534 726 2613 etiam,
750 2545 789 2597 ut
805 2550 897 2597 unus
922 2534 1154 2613 complurium
1178 2534 1411 2614 collegiorum

313 2643 370 2706 vel
393 2641 549 2703 omnium
568 2640 623 2703 sui
638 2640 817 2720 municipii
833 2649 1002 2720 patronus
1020 2648 1214 2720 cooptetur.
1250 2639 1313 2705 Cn.
1327 2639 1411 2703 Sen-

312 2750 383 2812 tius
407 2748 508 2826 enim,
533 2756 571 2810 ut
594 2747 871 2828 praetermittam
895 2747 964 2809 alia
987 2763 1143 2825 munera,
1168 2754 1338 2825 patronus
1362 2747 1410 2810 vi·

314 2855 401 2934 ginti
425 2854 652 2934 collegiorum
677 2852 892 2916 Ostiensium
916 2861 992 2916 erat
1001 2855 1028 2934 4)
1053 2862 1088 2917 et
1104 2852 1231 2918 Sextus
1244 2851 1408 2915 Valerius

314 2961 501 3024 Brixianus
517 2958 666 3023 traditur
681 2969 851 3040 patronus
868 2959 1097 3039 collegiorum
1118 2958 1272 3021 omnium
1286 2960 1323 3040 ⁵).
1359 2958 1409 3021 Iu-

313 3086 423 3134 venes
458 3067 652 3130 Beneventi
666 3070 691 3149 6)
730 3078 800 3129 non
839 3066 993 3129 contenti
1028 3075 1109 3128 sunt
1144 3083 1214 3127 uno
1249 3074 1409 3145 patrono,

312 3183 480 3257 cooptant
519 3176 742 3255 complures·
785 3173 902 3237 Etiam
936 3172 1106 3235 militares
1144 3172 1304 3236 homines
1342 3173 1410 3235 hoc

311 3436 327 3468 -”
414 3422 442 3492 1)
461 3425 492 3475 cs.
506 3422 650 3472 Liebenam
671 3419 889 3487 pg.212adn.3.
925 3420 961 3470 So
980 3419 1068 3469 hatten
1088 3420 1129 3470 die
1148 3420 1409 3471 Genossenschaften

314 3514 444 3565 mittelbar
463 3511 579 3562 Eiufluss
599 3511 646 3560 aui
661 3508 971 3571 die‘Stadtverwaltuug.

412 3600 440 3666 2)
460 3601 493 3653 cf.
511 3616 556 3653 nn.
577 3599 618 3667 16,
638 3596 681 3652 35.
1004 3651 1006 3653 ,

413 3689 441 3754 3)
461 3687 587 3743 cs.n.17:
610 3689 669 3757 „ob
688 3688 763 3738 cuius
777 3687 942 3738 dedicatione
960 3687 1070 3751 singuiis
1089 3686 1315 3744 discumbentibus
1335 3688 1409 3738 dedit

313 3781 445 3838 sestertios
464 3781 541 3829 binos
561 3785 586 3827 et
605 3778 711 3829 donavit
725 3778 875 3830 sestertium
894 3778 948 3826 duo
967 3776 1039 3826 milia
1056 3792 1199 3842 nummum,
1218 3783 1248 3825 ut
1268 3793 1298 3825 ex
1320 3778 1407 3827 usuris

313 3886 403 3921 eorum
423 3870 466 3919 die
491 3867 571 3918 natali
590 3866 645 3917 eius
663 3869 734 3920 Nou.
753 3867 818 3919 Mai.
847 3867 970 3916 omnibus
999 3866 1073 3914 annis
1103 3865 1239 3931 sportulae
1259 3865 1408 3915 dividantur

313 3955 477 4012 iuvenibus.“

412 4044 440 4110 4)
459 4046 491 4098 cf.
511 4062 537 4098 n.
556 4044 581 4099 2.

412 4133 440 4203 b)
460 4134 492 4187 cf.
512 4150 537 4187 n.
556 4132 600 4188 50.

411 4222 599 4290 dmum
