3292 5067
793 439 968 495 *22-

332 616 399 678 hac
434 615 478 678 de
510 633 549 679 re
583 623 718 678 certum
751 614 942 695 quidquam
976 613 1045 676 dici
1076 631 1146 676 non
1178 623 1295 693 potest
1308 617 1343 696 ¹).
1389 612 1428 677 In

332 730 485 786 mentem
507 721 593 785 mihi
615 720 712 784 venit
737 721 781 783 ad
811 720 970 783 militiam
1003 719 1121 800 aliquo
1156 721 1261 783 modo
1294 730 1428 801 specta-

332 827 429 891 visse
453 827 603 908 collegia
626 827 794 890 iuvenum
828 835 863 889 et
896 826 987 890 sicut
1019 826 1179 889 veterani
1211 827 1247 889 in
1280 827 1429 907 collegia

332 933 486 996 coissent
509 932 691 1013 stipendiis
724 931 837 1010 factiS,
871 931 919 996 ita
952 932 1109 1010 iuvenes
1143 932 1349 1014 priusquam
1372 933 1429 996 sti-

332 1039 458 1119 pendia
470 1039 627 1102 facerent
639 1043 675 1122 2).
707 1038 930 1102 Admoneam
941 1038 1032 1101 tituli
1045 1038 1097 1119 (C.
1111 1037 1135 1104 l.
1148 1037 1188 1104 L.
1202 1037 1268 1101 VII
1281 1057 1314 1105 n.
1331 1039 1428 1121 1377)

224 1209 227 1218 ,
331 1145 477 1208 ‘missus
501 1146 546 1209 ad
569 1146 788 1209 iuventutem
810 1162 875 1226 per
890 1144 1028 1209 Italiam
1044 1144 1247 1225 legendam’
1269 1146 1428 1208 aliorum-

332 1268 399 1332 que
424 1251 603 1332 similium3
629 1253 837 1315 admoneam
861 1252 1121 1332 praefectorum
1133 1255 1169 1332 3),
1195 1252 1254 1332 qui
1277 1252 1337 1315 ubi
1360 1252 1429 1314 exi-

332 1367 438 1436 stunt,
474 1358 629 1422 indicant
653 1359 839 1422 militarem
863 1359 1040 1439 quandam
1073 1357 1222 1421 formam
1246 1359 1428 1441 collegii4).

438 1463 493 1527 De
505 1473 673 1546 tempore,
685 1466 826 1546 quando
838 1465 997 1527 instituta
1010 1447 1242 1545 sint'collegia
1252 1466 1429 1543 iuvenum,

332 1570 757 1635 Mommseni-Liebenami
770 1572 981 1649 coniectura,
996 1590 1017 1633 a
1026 1570 1165 1634 Nerone
1178 1572 1338 1635 instituta
1349 1585 1429 1635 esse

332 1678 482 1758 collegia
494 1678 670 1756 iuvenum,
684 1679 826 1758 probari
837 1695 908 1740 non
921 1686 1037 1757 potest
1043 1681 1080 1758 5).
1103 1679 1325 1758 Quamquam
1337 1678 1430 1741 enim

332 1783 422 1846 tituli
439 1784 576 1847 collecti
595 1803 616 1847 a
636 1801 693 1847 me
711 1784 756 1847 ad
773 1801 883 1847 unum
899 1801 1022 1847 omnes
1041 1784 1167 1847 aetatis
1184 1785 1430 1864 imperatoriae

333 1893 462 1971 suntss),
498 1907 588 1953 unus
613 1890 734 1954 titulus
758 1908 870 1971 nuper
894 1890 978 1952 mihi
1003 1891 1163 1970 occurrit,
1193 1890 1308 1954 Oscus
1331 1891 1429 1954 Pom-

331 1996 418 2076 peiis
442 1996 655 2081 inventust),
690 2014 795 2076 quem
818 1995 947 2060 Nissen
980 2014 1051 2059 non
1084 1997 1159 2059 sine
1187 1997 1288 2059 iustis
1312 1998 1429 2062 causis

331 2102 448 2181 aetati,
473 2119 564 2184 quae
588 2101 653 2165 fuit
676 2112 757 2166 ante
776 2103 940 2166 Sullanas
965 2103 1131 2183 colonias
1156 2104 1323 2170 attribuit.
1359 2104 1430 2167 Sed

331 2208 398 2271 etsi
430 2209 497 2272 hoc
521 2210 627 2273 modo
651 2210 854 2273 coniectura
878 2208 1304 2274 Mommseni-Liebenami
1330 2210 1430 2274 inse

431 2454 457 2517 1)
477 2454 619 2505 Liebenam
646 2472 689 2521 pg.
709 2455 762 2509 260
781 2457 861 2508 dicit:
892 2457 944 2507 Die
968 2458 1151 2520 Bestimmung
1178 2457 1300 2519 mancher
1317 2459 1430 2508 Vereine

334 2544 368 2592 ist
386 2542 527 2608 uuerklirt,
558 2560 587 2593 so
608 2543 652 2594 die
679 2546 706 2593 in
723 2545 834 2595 beinahe
863 2545 933 2595 allen
951 2547 1061 2596 Stidteu
1079 2546 1262 2596 vorhandeuen
1282 2548 1430 2597 Genosseu·

337 2632 453 2682 schaiten
473 2633 519 2682 der
537 2634 653 2685 iuvenes.
1151 2627 1153 2630 ⁵

431 2718 459 2786 2)
479 2721 509 2772 cl.
529 2722 677 2773 Mommsen
708 2722 735 2771 in
764 2722 879 2774 Bericht.
908 2724 934 2775 d.
957 2724 1047 2777 Sfichs.
1068 2726 1129 2775 Ges.
1156 2722 1225 2777 1852
1252 2723 1367 2790 pg.197
1397 2725 1430 2773 ad

331 2808 435 2858 titulum
455 2809 636 2859 Germanicum
655 2827 680 2861 u.
691 2809 739 2863 δῖε
759 2811 961 2861 Unzweiselhalt
979 2829 1065 2861 waren
1084 2814 1109 2861 in
1131 2813 1228 2862 diesem
1238 2813 1431 2876 Militirgebiet

330 2889 396 2946 auch
416 2897 457 2946 die
477 2898 695 2960 Biirgerschaften
718 2899 872 2948 militiirisch
890 2900 1051 2965 organisiert,
1085 2903 1139 2950 und
1160 2918 1186 2949 es
1211 2902 1246 2950 ist
1264 2902 1327 2951 kein
1345 2901 1429 2949 Wun-

331 2985 385 3051 der,
414 3000 492 3034 weun
519 2986 560 3035 die
579 2984 728 3036 ‘streitbare
747 2987 933 3054 Manuschaft',
962 2988 1004 3038 die
1024 2989 1181 3053 Landwehr,
1208 2988 1265 3039 hier
1288 2990 1429 3038 besonders

330 3072 489 3124 hervortritt.
526 3074 558 3125 cs.
578 3074 657 3122 etiarn
676 3075 783 3141 Nissen,
803 3077 896 3141 Pomp.
916 3078 990 3129 Stud.
1010 3093 1053 3142 pg.
1073 3076 1134 3129 169.

429 3159 690 3229 &mmmm

429 3248 457 3313 4)
478 3250 510 3302 cf.
530 3251 691 3318 Hirschfeld,
712 3253 781 3305 Gall.
802 3255 877 3306 Stud.
897 3256 940 3304 III
958 3271 1000 3320 pg.
1020 3252 1073 3307 252
1092 3256 1150 3306 adn.
1166 3255 1194 3307 1:
1214 3255 1334 3319 praefecti
1353 3254 1430 3304 colle·

330 3340 433 3401 giorum
453 3338 513 3388 sind
531 3339 680 3405 iiberhaupt
705 3342 776 3391 nicht
794 3343 883 3405 hiiutig
909 3345 963 3393 und
992 3345 1089 3393 deuten
1108 3344 1180 3393 wohl
1199 3344 1368 3408 regelmiissig
1386 3343 1433 3392 aui

429 3514 457 3577 5)
476 3517 508 3568 cs.
518 3518 676 3583 Mommsen,
697 3517 729 3567 de
748 3518 811 3571 coll.
832 3529 857 3568 et
876 3521 932 3571 sud.
946 3520 1049 3586 pg.83:
1068 3520 1191 3583 Collegia
1208 3519 1340 3584 iuvenum,
1360 3535 1428 3583 quae

331 3620 345 3652 a
363 3605 472 3652 Nerone
491 3604 609 3654 instituta
629 3607 788 3658 creduntur.
804 3645 809 3657 .
827 3646 833 3659 .
852 3608 995 3659 Liebeuam
1014 3625 1058 3673 pg.
1069 3607 1119 3661 34:
1139 3609 1188 3657 Bei
1207 3606 1258 3660 deu
1274 3607 1430 3673 Juvenalien

331 3691 429 3741 stiftete
448 3693 521 3741 Nero
541 3692 584 3741 die
602 3693 713 3756 collegia
731 3694 863 3748 iuvenum.

429 3778 456 3842 6)
474 3780 554 3843 Quod
574 3781 690 3831 Orellius
710 3783 813 3833 titulum
823 3785 1006 3834 Lanuviuuum
1025 3784 1081 3839 aa
1100 3792 1208 3851 propter
1228 3785 1354 3835 omissum
1369 3800 1430 3847 cog·

330 3883 425 3916 nomen
453 3868 551 3917 liberae
578 3869 689 3919 civitatis
718 3871 808 3921 aetatis
838 3889 898 3922 esse
926 3874 1042 3939 putabat,
1071 3873 1100 3923 id
1128 3876 1297 3923 Hermannus
1326 3875 1430 3922 Dessau

330 3956 430 4021 optimo
449 3956 506 4005 iure
525 3956 615 4005 reiecit
633 3958 664 4008 cs.
684 3958 713 4009 C.
733 3960 755 4010 I.
775 3961 805 4011 L.
825 3960 896 4010 XIV
913 3976 940 4011 n.
953 3959 1031 4013 2121.

430 4043 457 4110 l)
478 4045 510 4095 cs.
528 4045 635 4111 Nissen,
664 4048 883 4113 Pompejanische
908 4050 1017 4100 Studien
1044 4066 1088 4116 pg.
1108 4048 1161 4103 168
1186 4049 1315 4115 (Fabretti
1334 4048 1427 4116 2791).

330 4133 399 4182 Satis
418 4133 453 4185 sit
471 4134 652 4199 perscripsisse
672 4135 780 4185 latinam
800 4138 1000 4188 conversionem
1013 4140 1121 4189 Nisseni
1138 4138 1175 4207 (2)
1194 4141 1315 4207 (Textum
1334 4141 1430 4190 Oscum

332 4221 411 4271 etiam
429 4221 530 4271 Nissen
549 4221 567 4274 l.
586 4239 607 4275 c.
628 4222 732 4290 tradit):
1329 4235 1341 4272 ι
1411 4255 1414 4260 ,
