3292 5067
714 458 891 513 -11-

258 631 373 695 medIa
411 631 646 695 constituendi
684 648 834 711 parvum
875 630 1009 713 dicit1).
1062 630 1182 694 Ostiae
1220 630 1352 693 habent

258 731 356 801 fabri
381 747 559 802 trecentos
592 738 728 818 viginti,
774 754 854 799 cum
889 738 1120 800 lenuncularii
1151 737 1353 817 pleromarii

259 845 341 908 anni
364 844 423 909 CC
445 845 599 909 habeant
634 837 788 907 sedecIm
810 852 947 907 tanturn
960 847 997 926 2).
1043 844 1083 908 Id
1111 854 1229 908 autem
1257 852 1353 907 nota-

258 950 327 1013 bile
351 950 435 1013 mihi
458 950 613 1014 videtur:
649 950 789 1030 magnis
817 950 853 1012 in
877 950 1073 1029 municipiis
1106 951 1183 1014 sive
1208 949 1353 1013 coloniis

258 1072 361 1120 suum
385 1056 533 1136 quisque
568 1056 669 1119 vIcus
705 1057 893 1135 collegium
924 1057 1091 1119 iuvenum
1120 1056 1283 1128 habebat,
1319 1053 1353 1115 id

259 1161 353 1242 quod
376 1171 523 1242 apparet
547 1180 593 1224 ex
615 1181 649 1229 n.
667 1162 719 1244 71,
744 1162 780 1225 in
803 1180 870 1247 quo
895 1163 995 1225 titulo
1018 1164 1213 1246 {collegium
1235 1162 1354 1225 iuven-

170 1281 174 1294 *
258 1268 343 1331 tutis
367 1267 437 1331 vici
460 1266 700 1348 Apollinensis
724 1267 942 1348 Moguntiaci
964 1269 1113 1333 traditur
1126 1273 1162 1353 8).
1220 1305 1223 1311 ·

365 1374 604 1438 Transeamus
621 1376 666 1438 ad
682 1375 911 1456 magistratus
925 1376 1154 1456 collegiorum
1176 1375 1354 1440 iuvenum.

260 1481 349 1543 Esse
367 1483 480 1544 solent
493 1499 709 1545 summorum
722 1482 892 1561 ordinum,
905 1482 1073 1546 senatorii
1088 1483 1147 1546 vel
1162 1482 1355 1566 equestris;

198 1624 201 1627 -
259 1604 367 1650 unum
399 1596 536 1652 tantum
570 1589 770 1652 libertinum
805 1589 1018 1652 invenimus:
1053 1588 1092 1656 T.
1117 1588 1355 1653 Trebulanum

260 1695 410 1758 aedilem
433 1695 600 1758 invenum
624 1695 746 1759 Tiburi
779 1699 823 1777 (n.
853 1696 916 1767 14).
959 1694 1089 1758 lisdem
1112 1696 1198 1759 viris
1229 1696 1356 1760 eadem

260 1818 406 1864 munera
429 1802 556 1865 iterum
580 1820 622 1865 ac
647 1803 788 1881 saepius
813 1801 942 1864 deferri
957 1806 1167 1884 poterantl).
1201 1803 1357 1865 Dubium

258 1917 377 1990 autem
401 1917 464 1997 est,
500 1926 584 1971 num
607 1908 642 1971 in
670 1919 878 1989 perpetuum
902 1908 1131 1989 magistratus
1162 1909 1274 1972 creari
1298 1927 1356 1989 po-

212 2020 215 2026 '
259 2015 389 2079 tuerint
401 2015 436 2097 ⁵).
474 2015 785 2080 Interdumetiam
809 2014 1029 2094 factumest,
1053 2016 1208 2079 utidem
1231 2016 1286 2078 vir
1310 2015 1356 2077 di-

260 2138 386 2184 versos
402 2121 631 2202 magistratus
655 2121 927 2187 administraret.
958 2121 1005 2185 Ut
1021 2123 1184 2202 exempla
1201 2121 1356 2201 afferam,

260 2225 306 2292 M.
324 2226 469 2289 Pontius
486 2225 586 2289 Felix
604 2227 727 2290 aedilis
745 2235 779 2289 et
796 2235 938 2291 curator
954 2228 1121 2290 iuvenum
1137 2236 1214 2290 erat
1230 2232 1277 2308 (n.
1294 2227 1357 2309 11),

261 2332 300 2399 L.
325 2332 499 2413 Sulpicius
525 2333 688 2397 Clemens
713 2343 748 2396 et
771 2333 941 2413 magister
965 2334 1132 2397 iuvenum
1157 2344 1191 2397 et
1214 2341 1358 2414 praetor

164 2485 166 2490 ,
262 2443 308 2522 (n.
332 2438 399 2521 42),
423 2439 469 2505 M.
495 2439 601 2503 Silius
624 2439 886 2519 Epaphroditus
922 2450 956 2503 et
988 2440 1169 2520 magister¹
1190 2440 1358 2503 iuvenum

260 2545 387 2608 iterum
412 2555 446 2609 et
469 2543 639 2625 patronus
664 2549 709 2628 (n.
735 2547 801 2627 46).
843 2546 955 2625 Saepe
979 2563 1070 2609 unus
1093 2546 1149 2608 vir
1171 2546 1299 2609 nobilis
1323 2544 1359 2607 in

262 2651 413 2714 diversis
430 2652 589 2733 collegiis
605 2653 809 2732 magisterio
828 2653 993 2733 fungitur.
1018 2652 1064 2716 Ut
1081 2652 1359 2732 praetermittam
1381 2655 1383 2658 ’

262 2765 410 2837 ceteros
435 2759 575 2820 titulum
598 2775 631 2822 n.
657 2756 677 2819 2
702 2775 949 2838 commemom,
973 2759 1009 2820 in
1033 2775 1102 2840 quo
1128 2758 1190 2823 Cn.
1216 2757 1357 2822 Sentius

262 2863 388 2927 dicitur
412 2874 579 2945 quaestor
595 2865 772 2944 iuvenum,
798 2864 1067 2946 quinquennalis
1084 2873 1285 2929 curatorum
1300 2883 1359 2927 na·

262 2971 358 3033 vium
386 2971 610 3049 marinarum,
650 2971 762 3051 gratis
797 2971 957 3034 adlectus
997 2972 1088 3034 inter
1122 2969 1359 3034 navicularios

262 3076 369 3138 maris
393 3075 588 3140 Hadriatici
612 3085 646 3140 et
670 3077 716 3139 ad
745 3077 954 3159 quadrigam
984 3077 1050 3140 fori
1073 3076 1197 3161 vinari,
1234 3076 1360 3140 deinde

262 3189 432 3262 patronus
464 3183 590 3264 viginti
623 3184 853 3264 collegiorum
864 3187 899 3266 ⁶).
947 3184 1017 3249 Sed
1041 3183 1215 3265 quomodo
1251 3183 1361 3246 creati

263 3288 342 3377 sint,
367 3304 437 3368 quo
460 3287 516 3351 die
539 3288 679 3352 inierint
703 3290 959 3370 magistratum,
985 3307 1068 3352 num
1090 3307 1154 3369 per
1177 3289 1360 3370 magistra·

262 3405 337 3458 turn
360 3394 489 3458 fuerint
524 3395 709 3476 immunes,
743 3414 829 3459 num
862 3397 1000 3461 licuerit
1033 3396 1187 3460 honores
1221 3396 1360 3459 oblatos

374 3628 400 3692 l)
420 3629 491 3681 Plin.
512 3644 554 3694 ep.
574 3630 707 3679 XXXIII
727 3630 759 3679 ad
779 3630 849 3682 Trai.

371 3716 399 3783 2)
415 3717 447 3769 cf.
467 3718 497 3769 C.
516 3718 537 3769 Ι.
557 3719 587 3769 L.
607 3719 679 3767 XIV
697 3734 722 3769 n.
742 3716 803 3771 256.

370 3804 398 3872 3)
418 3807 504 3856 Bonn.
520 3805 631 3870 Jhrbch.
651 3806 760 3855 LXVII
779 3821 823 3871 pg.
844 3805 887 3858 10:

369 3891 398 3959 4)
417 3895 450 3945 cf.
469 3910 495 3946 n.
514 3892 567 3946 38:
586 3910 656 3957 mag.
675 3894 773 3946 iuvent.
792 3895 844 3961 bis,
863 3896 944 3960 praef.
963 3895 1030 3947 fabr.
1049 3902 1103 3961 ter3
1121 3911 1146 3946 n.
1166 3894 1218 3947 46:
1238 3911 1303 3959 mag.
1323 3896 1361 3944 iu·

265 3994 358 4029 venum
375 3981 481 4048 iterum3
500 3999 525 4034 n.
545 3980 597 4035 27:
618 3997 689 4046 mag.
709 3984 794 4035 iuven.
813 3984 888 4049 prim.

371 4066 398 4131 5)
419 4070 449 4121 cf.
469 4070 613 4120 Liebenam
633 4087 675 4136 pg.
696 4070 748 4124 199
767 4072 825 4124 adn.
845 4071 871 4126 3.

372 4156 400 4223 6)
418 4158 449 4209 cf.
470 4159 547 4208 etiam
574 4159 664 4209 titulos
684 4160 821 4211 Brixiauos
850 4177 875 4212 n.
895 4159 944 4214 51:
973 4162 1000 4209 in
1019 4161 1140 4211 omnibus
1160 4160 1277 4225 collegiis
1306 4177 1359 4211 ma·

263 4246 373 4311 gislerio
392 4246 559 4315 perfunctus3
578 4265 604 4300 n.
623 4246 672 4301 52:
691 4256 815 4315 patronus
835 4249 1008 4313 collegiorum
1028 4250 1153 4303 omniurn.
