3292 5067
744 414 955 489 .··34-

316 590 467 676 lexerint
500 590 571 653 filio
602 595 607 670 1
634 587 711 651 eius
739 596 855 650 retere
892 590 968 669 (pro
999 585 1160 668 reddere)
1176 570 1180 576 ⁴
1196 586 1285 649 debe
1304 593 1308 666 1
1327 587 1416 649 bunt

316 704 348 762 -Χ
374 696 443 760 XX
467 704 527 760 aut
546 702 550 776 1
569 695 600 758 si
623 695 703 774 quis
729 694 834 756 heres
853 700 857 773 1
877 693 981 756 suerit
1000 699 1004 773 1
1023 693 1116 772 posit
1139 692 1241 759 fitius.

362 846 417 914 55.
441 843 689 909 Mediolanium
715 844 759 925 (V
782 843 897 925 56641.

424 967 612 1049 Nigellioni
631 973 635 1046 1
655 966 779 1030 Severi
802 966 825 1032 f.
846 974 851 1047 1
870 965 997 1032 ioveni.

362 1119 417 1186 56.
441 1117 690 1181 Mediolanium
716 1116 762 1198 (V
786 1116 898 1200 5742).

317 1241 319 1246 ’
424 1241 569 1305 Herculi
587 1248 591 1322 1
610 1239 762 1303 Modicia
780 1245 785 1320 1
803 1247 858 1302 tes
882 1237 1021 1307 iovenii.

316 1455 319 1460 ,
363 1389 418 1457 ot.
442 1388 690 1452 Mediolanium
714 1386 762 1473 (V
785 1386 897 1470 5894).
1350 1469 1352 1472 Ι

425 1512 467 1577 D.
493 1512 539 1580 M.
559 1518 563 1592 1
582 1510 621 1578 C.
645 1510 765 1576 Valeri
789 1518 793 1592 1
817 1509 1019 1574 Petroniani
1044 1516 1049 1591 1
1074 1510 1192 1577 decur.
1216 1511 1338 1601 pontif.
1364 1529 1417 1575 sa·

319 1621 413 1687 cerd.
433 1626 437 1701 1
456 1621 572 1686 iuven.
597 1618 688 1684 Med.
714 1617 880 1692 causidic.
906 1624 910 1697 1
941 1617 1059 1698 quinq.
1084 1617 1224 1697 gratuit.
1249 1618 1416 1698 legation.

319 1728 429 1792 urbic.
459 1734 464 1808 1
492 1735 527 1789 et
550 1725 725 1806 peregrin.
749 1742 813 1803 pro
838 1741 876 1785 re
900 1741 934 1803 p.
958 1740 1023 1786 sua
1046 1723 1154 1790 funct.
1186 1729 1191 1803 1
1221 1724 1311 1786 vixit
1334 1742 1414 1789 ann.

318 1832 436 1896 XXIII
459 1849 569 1897 mens,
595 1830 688 1897 VIIII
713 1831 744 1893 d.
769 1829 868 1893 XIIII
886 1836 891 1909 1
911 1828 949 1895 C.
966 1828 1129 1894 Valerius
1149 1828 1393 1909 Eutychirtnus
1412 1835 1416 1908 1

319 1938 365 2004 VI
389 1939 454 2005 vir.
471 1938 565 2019 Aug.
589 1945 690 2017 pater
710 1943 713 2017 1
741 1936 786 2001 fil.
812 1936 1003 2015 incompar.
1030 1943 1064 1997 et
1088 1934 1165 2000 sibi.
1212 1933 1251 1997 ln
1275 1935 1419 1998 sinistro

319 2046 449 2109 latere:
483 2041 707 2122 EVDROMI,
732 2043 767 2105 in
791 2041 953 2104 dextero:
985 2040 1170 2104 Constanti
1193 2039 1418 2107 EVDROMI.

366 2194 422 2263 58.
446 2193 694 2258 Mediolanium
718 2194 762 2276 (V
786 2194 898 2277 5907).

285 2325 291 2334 '
426 2316 577 2382 Ursiliae
601 2318 775 2399 ingenuae
800 2335 890 2399 quae
914 2319 975 2382 vix
994 2325 999 2401 1
1019 2337 1097 2382 ann.
1115 2318 1194 2385 VIII
1217 2336 1263 2385 m.
1284 2318 1331 2386 VI
1354 2317 1419 2383 Ur-

277 2459 279 2470 =
321 2425 419 2488 silius
443 2423 589 2487 Rufinus
613 2433 648 2486 et
676 2430 680 2504 1
703 2423 858 2487 Domitia
883 2424 1017 2489 Severa
1041 2436 1207 2506 parentes
1231 2426 1266 2489 in
1290 2426 1390 2489 euius
1412 2432 1417 2507 1

320 2548 423 2595 mem.
448 2530 582 2607 colenti.
607 2530 723 2595 deder.
749 2530 897 2594 iuvenae
915 2530 1007 2594 Cora
1026 2537 1030 2608 1
1049 2532 1227 2613 gennatib.
1251 2538 1283 2599 X
1300 2530 1419 2595 CCCC

322 2656 366 2700 ex
383 2653 480 2718 quor.
497 2636 611 2700 reditu
630 2641 635 2716 1
654 2637 747 2717 quod
771 2655 851 2703 ann.
869 2647 1026 2718 tempore
1043 2638 1270 2706 Parentalior.
1291 2645 1296 2720 1
1314 2655 1421 2720 quam

322 2754 356 2806 et
380 2761 483 2806 rosae
517 2760 666 2805 coronas
696 2751 816 2806 ternas
847 2751 852 2824 1
882 2752 1096 2823 ponerentur
1129 2752 1164 2807 et
1196 2745 1329 2825 prosus,
1354 2762 1419 2807 suo

322 2847 425 2932 quoq'.
446 2855 450 2929 1
470 2867 562 2911 anno
586 2849 661 2910 fieri
689 2849 783 2929 quod
807 2849 837 2911 si
861 2849 1012 2912 iuvenae
1032 2856 1036 2929 1
1055 2868 1125 2912 non
1150 2849 1297 2914 fecerint
1320 2851 1418 2914 resti-

321 2968 410 3023 tuer.
439 2962 443 3036 1
467 2955 590 3022 debeb.
615 2961 619 3036 1
643 2955 777 3018 vicanis
803 2955 1109 3036 Corogennatibus
1136 2965 1170 3020 et
1193 2957 1243 3018 illi
1271 2964 1275 3038 1
1303 2957 1338 3019 id
1362 2958 1419 3019 ob-

323 3061 525 3126 servabunt.

367 3212 421 3278 59.
446 3209 601 3274 Novaria
625 3212 670 3294 (V
693 3212 804 3294 6515).

428 3333 597 3397 Alfolloni
621 3334 668 3401 IV
691 3335 844 3414 vi1·.,iur.
870 3335 936 3403 dic.
955 3342 960 3416 1
978 3344 1049 3417 pat.
1074 3338 1152 3404 coll.
1178 3355 1252 3401 cen.
1277 3346 1347 3417 pat.
1372 3337 1419 3400 iu-

322 3459 453 3507 venum
472 3446 477 3522 1
495 3441 539 3508 D.
564 3441 610 3508 M.

367 3591 421 3659 60.
445 3590 611 3671 Augusta
634 3591 868 3656 Taurinorum
894 3594 938 3677 (V
962 3594 1073 3677 6951).

431 3714 544 3777 Genio
569 3721 572 3796 1
598 3715 644 3782 M.
669 3714 765 3778 Isuni
789 3716 952 3796 tProeuli
977 3723 981 3797 1
1006 3717 1150 3783 sodaliC.
1170 3723 1174 3797 1
1193 3718 1309 3784 iuven.
1335 3723 1340 3799 1
1362 3734 1419 3797 pa-

323 3830 435 3888 trono
938 3847 939 3850 ¹
1193 3844 1196 3850 ·

367 3970 423 4038 61.
446 3968 611 4051 Aquileia
633 3971 677 4053 (V
699 3970 811 4054 8211).

431 4093 475 4156 ab
498 4110 568 4156 una
592 4103 707 4173 parte:
733 4095 777 4158 ab
797 4102 802 4176 1
821 4095 876 4159 Ise
893 4106 928 4159 et
947 4103 951 4176 1
971 4095 1090 4179 Serap.
1110 4102 1115 4177 1
1134 4096 1212 4164 deo.
1229 4096 1273 4159 ab
1291 4096 1418 4162 altera:

323 4211 369 4266 m.
389 4205 393 4279 1
412 4199 527 4264 iuven.
550 4207 554 4281 1
573 4218 666 4282 mag.
690 4201 737 4267 vi.
757 4208 761 4283 1
780 4201 805 4268 Ι.
