3292 5067
677 457 853 511 ..21-

216 628 306 708 cipii,
332 627 609 709 quinquennalis,
635 638 802 709 quaestor
820 630 890 713 bis;
915 630 1103 695 Brixianus
1127 647 1235 711 eques
1251 631 1317 694 Ro

216 751 352 811 manus,
376 734 502 796 flamen
520 734 592 796 divi
615 733 690 814 Iuli,
715 736 915 816 praefectus
933 738 1034 803 aedil.
1058 746 1130 818 pot.¹
1148 747 1315 818 quaestor

217 838 352 917 aerarii,
389 838 553 901 defensor
585 840 636 901 rei
668 842 829 920 publicae
853 841 1116 926 Brixianorum3
1151 842 1316 909 Mediola-

217 944 349 1008 niensis
374 948 419 1027 (u.
444 946 500 1027 57)
526 945 679 1025 decurio,
704 947 878 1028 pontifex3
903 965 994 1011 unus
1010 948 1228 1012 Veronensis
1252 949 1316 1012 fuit

217 1051 373 1116 libertus

324 1157 440 1220 Semel
464 1157 500 1217 in
523 1156 623 1219 titulo
656 1176 689 1221 n.
714 1158 754 1220 51
792 1159 958 1222 officiales
987 1170 1315 1241 commemorantur,

217 1281 280 1343 per
313 1279 401 1342 quos
435 1262 662 1330 sacrificetur.
710 1264 903 1328 Liebenam
935 1271 1005 1346 (pg.
1031 1266 1109 1347 287)
1135 1267 1316 1330 ministros

218 1387 279 1432 eos
304 1377 403 1448 putat
428 1369 561 1450 (nescio
586 1388 631 1432 an
654 1372 902 1452 sacerdotum),
939 1374 1062 1451 quales
1094 1373 1199 1435 etiam
1223 1372 1316 1453 apud

217 1478 356 1554 legatos
380 1457 642 1555 provinciarum
679 1478 852 1556 dicuntur,
886 1496 975 1540 cum>
990 1479 1132 1542 Schiess
1164 1484 1235 1560 (pg.
1260 1481 1316 1562 50)

219 1582 321 1661 dieat,
346 1582 513 1644 officiales
539 1600 620 1644 esse
644 1582 679 1646 id
702 1584 955 1669 magisterium,
985 1585 1030 1648 ad
1054 1586 1147 1666 quod
1172 1585 1316 1649 functio-

219 1707 281 1752 nes
305 1690 544 1752 sacerdotales
568 1691 729 1770 magistri
753 1693 966 1760 transierint.
1014 1692 1084 1756 Sed
1107 1703 1225 1756 utrum
1257 1693 1315 1757 hic

218 1797 344 1859 anille
368 1804 464 1858 recte
489 1795 626 1871 dixerit,
651 1814 721 1858 non
746 1797 949 1878 disceptem.

325 1901 426 1964 Nunc
450 1919 564 1981 pauca
589 1902 632 1964 de
656 1902 758 1979 ludis,
790 1920 881 1981 quae
903 1922 984 1967 cum
1005 1905 1117 1968 sacris
1142 1906 1317 1968 coniuncti

218 2008 357 2072 fuerint.
394 2006 570 2070 Videntur
600 2008 673 2070 ludi
699 2007 886 2073 Iuvenales
921 2028 943 2073 a
966 2010 1106 2073 Nerone
1139 2011 1316 2092 instituti1)

218 2114 405 2177 iuvenibus
429 2113 580 2177 faciendi
597 2115 751 2194 fuisset).
784 2116 936 2196 Magnus
954 2135 1120 2181 numerus
1137 2118 1317 2181 titulorum

218 2229 420 2284 nostrorum
441 2221 509 2283 huc
531 2222 756 2304 pertinenti).
792 2223 930 2286 Titulus
953 2223 1176 2287 Tusculanus
1197 2228 1242 2305 (n.
1263 2223 1315 2307 12)

219 2328 302 2390 dicit
319 2328 459 2391 sodales
477 2329 575 2392 lusus
592 2329 776 2406 iuvenalis,
802 2347 882 2392 cum
907 2330 942 2392 in
965 2330 1093 2393 ceteris
1115 2329 1189 2392 sere
1210 2331 1316 2393 omni-

218 2436 285 2497 bus
302 2443 484 2497 curatores
501 2435 602 2497 lusus
622 2435 794 2498 iuven-alis
811 2436 886 2498 sive
904 2436 1071 2498 iuvenum
1087 2435 1315 2518 tradantur4).

220 2540 356 2604 Titulus
382 2524 434 2622 (n,
460 2540 511 2621 19)
535 2539 748 2620 Anagninus
772 2542 955 2604 dedicatus
977 2550 1031 2605 est
1053 2550 1201 2622 patrono
1223 2542 1316 2604 inve-

217 2665 301 2710 num
336 2648 397 2709 eob
425 2635 632 2709 renovatam
660 2648 704 2709 ab
733 2666 775 2710 eo
803 2648 901 2710 lusus
929 2648 1113 2710 iuvenum'
1140 2647 1226 2729 (sic).
1279 2646 1317 2710 Si

218 2753 429 2834 quaerimus,
466 2754 593 2832 quibus
619 2753 654 2815 in
678 2754 823 2816 urbibus
848 2754 950 2816 ludos
974 2754 1049 2816 fieri
1072 2754 1163 2816 tituli
1187 2754 1315 2834 dicant,

217 2859 415 2921 invenimus
432 2858 578 2932 Ostiam,
604 2859 807 2938 Tusculum,
832 2859 1044 2943 Anagniam,
1069 2859 1225 2923 Velitras
1250 2863 1316 2941 (ur-

218 2966 281 3027 bes
316 2965 430 3042 Latin,
445 2988 447 2992 ⁷
463 2965 643 3028 Ameriam
676 2965 869 3049 (Umbriae)
906 2961 1085 3046 Capenam
1117 2966 1315 3047 (Etruriae),
1373 3007 1376 3010 -

219 3088 308 3150 quae
344 3071 460 3133 omnia
495 3073 573 3133 loca
603 3071 698 3134 haud
730 3073 779 3135 ita
813 3073 961 3134 multum
994 3091 1016 3134 a
1038 3071 1150 3134 Roma
1175 3073 1315 3138 distant.

219 3177 336 3255 Quare
360 3177 549 3241 verisimile
579 3179 719 3240 videtur
743 3178 923 3241 iuvenalia
948 3197 969 3241 a
992 3177 1132 3241 Nerone
1156 3178 1316 3242 instituta

218 3283 378 3362 proxima
401 3283 581 3347 vicinitate
606 3284 739 3348 Romae
763 3303 834 3348 non
859 3286 1068 3351 excessisse.

324 3389 383 3451 Ad
407 3399 603 3453 extremum
627 3392 657 3455 si
688 3392 959 3472 interrogamus
997 3409 1101 3472 quem
1134 3392 1179 3454 ad
1212 3392 1317 3454 linem

218 3496 376 3559 instituta
401 3497 470 3559 sint
495 3497 644 3578 collegia
660 3498 837 3577 iuvenum,
862 3515 1001 3578 quoque
1017 3505 1185 3578 tempore,
1211 3498 1316 3561 etiam

319 3712 345 3778 1)
365 3714 396 3764 cf.
418 3713 524 3761 Tacitus
553 3728 611 3764 ann.
631 3713 703 3762 XIV
722 3711 757 3765 15
786 3710 884 3779 (Nero)
912 3711 1024 3762 instituit
1051 3711 1126 3762 ludos
1154 3712 1316 3762 Iuvenalium

219 3802 354 3854 vocabulo.

317 3887 344 3953 2)
364 3889 395 3940 cs.
416 3904 440 3940 n.
459 3886 495 3941 45
514 3889 592 3938 ludos
613 3897 639 3940 et
657 3891 791 3940 Iuvenalia
810 3889 945 3941 dederunt.

317 3975 344 4038 3)
364 3978 396 4028 cs.
415 3994 459 4029 nn.
479 3977 504 4043 2,
524 3976 549 4043 8,
569 3976 611 4043 19,
631 3976 673 4044 al,
693 3977 737 4045 39,
756 3976 799 4030 45.

317 4062 345 4128 4)
364 4065 486 4115 Ceterum
505 4081 563 4116 mos
581 4067 664 4115 fuisse
683 4068 793 4133 videtur,
813 4074 843 4117 ut
860 4067 977 4130 magistri
997 4067 1169 4129 collegiorum
1189 4066 1265 4116 ludos
1281 4068 1316 4115 ia·

219 4158 306 4201 cerent
319 4154 350 4204 cs.
370 4154 501 4203 Asconius
521 4156 563 4206 ad.
583 4155 637 4207 Cic.
657 4155 685 4203 in
698 4156 751 4206 Pis.
772 4170 794 4207 c.
808 4155 833 4206 4.
869 4155 996 4206 Solebant
1015 4163 1102 4205 autem
1124 4155 1241 4218 magistri
1262 4155 1317 4204 col·

218 4239 346 4305 legiornm
367 4241 445 4290 ludos
464 4242 555 4294 lacere.
