3292 5067
691 425 868 484 ...fl-

232 620 378 668 munere
402 600 501 682 fungi
534 600 691 681 potuisse
724 600 887 662 videmus
911 617 956 661 ex
979 597 1178 679 fragmento
1202 616 1234 663 n.
1258 589 1281 662 6
1294 602 1329 683 ¹).

232 710 328 774 Fieri
352 726 489 789 quoque
505 715 654 787 poterat,
678 714 717 768 ut
739 706 772 784 ii,
798 706 857 786 qui
873 706 943 770 iam
967 705 1044 769 aliis
1068 705 1270 770 muneribus
1294 706 1328 769 in

235 817 359 880 eodem
382 814 531 895 collegio
555 813 802 893 fungebantur,
828 812 967 892 patroni
992 821 1242 892 cooptarentur
1251 815 1285 894 2).

340 921 525 999 Patronae‚
550 919 693 999 quaein
710 918 787 980 aliis
805 918 963 998 collegiis
987 919 1222 996 innotuerunt,
1246 917 1331 980 mihi

235 1029 270 1091 in
293 1027 402 1091 titulis
427 1026 656 1105 collegiorum
691 1025 859 1087 iuvenum
891 1042 962 1087 non
994 1032 1232 1111 occurrerunt,
1264 1024 1332 1086 nisi

144 1208 147 1215 ¹
236 1134 384 1198 Octavia
408 1133 526 1214 Tigris
555 1133 590 1195 in
614 1132 714 1194 titulo
738 1130 938 1194 Veronensi
961 1135 1006 1213 (n.
1033 1132 1088 1213 47)
1112 1139 1262 1211 patrona
1284 1131 1332 1193 iu·

234 1257 366 1303 venum
390 1235 599 1303 nominatur.

342 1345 397 1409 De
417 1345 558 1424 interna
591 1344 664 1406 vita
691 1343 920 1424 collegiorum
943 1342 1028 1406 nihil
1057 1342 1130 1406 sere
1154 1361 1199 1406 ex
1222 1343 1331 1407 titulis

236 1455 360 1532 elucet,
384 1468 498 1531 neque
523 1451 615 1513 enim
639 1450 757 1513 album
774 1449 913 1529 collegii
936 1466 1050 1529 neque
1066 1450 1166 1528 leges
1188 1449 1333 1512 inventa

237 1568 328 1624 sunt.
352 1558 451 1621 Haec
467 1557 617 1620 similem
627 1557 668 1619 in
684 1556 826 1619 modum
843 1564 948 1636 atque
964 1555 1000 1617 in
1023 1555 1150 1617 ceteris
1174 1556 1332 1636 collegiis

237 1666 349 1729 etiam·
365 1666 400 1728 in
423 1665 591 1727 iuvenum
615 1664 802 1743 quin-acta
827 1662 882 1742 sit,
906 1679 1010 1725 nemo
1034 1662 1170 1725 dubitet
1181 1666 1218 1745 ³).
1389 1641 1398 1653 ’

342 1771 416 1835 Iam
441 1772 484 1834 de
508 1789 546 1833 re
570 1771 774 1851 pecuniaria
803 1787 918 1851 pauca
950 1769 1118 1835 dicamus,
1165 1768 1333 1851 collegiis

236 1883 329 1946 bona
353 1879 419 1941 sibi
448 1878 615 1958 colligere
640 1877 772 1940 licitum
796 1887 850 1939 est
863 1879 900 1955 4).
948 1875 1153 1953 Mommsen,
1185 1893 1264 1939 curn
1290 1877 1333 1939 de

236 1988 303 2050 hac
326 2003 365 2048 re
390 1983 473 2064 agit,
499 1983 581 2046 dicit
593 1986 636 2065 5):
671 1982 822 2064 „Arcam
848 1999 1067 2044 communem
1091 1982 1198 2045 habet
1222 1990 1256 2046 et
1280 2000 1334 2045 so·

238 2094 348 2155 cietas
372 2098 407 2152 et
443 2089 630 2168 collegium
662 2107 775 2170 neque
809 2089 878 2152 alia
910 2096 1020 2168 agunt
1044 2088 1182 2167 utrique
1206 2088 1272 2150 nisi
1295 2097 1334 2151 ut

239 2197 422 2261 commoda
446 2213 551 2277 quam
575 2197 728 2259 maxima
752 2197 817 2259 sibi
835 2201 1069 2276 comparent.“
1106 2195 1204 2274 Quae
1228 2212 1334 2276 quam

238 2311 334 2366 recte
368 2303 505 2383 dixerit,
542 2322 586 2365 ex
620 2303 672 2382 iis,
709 2320 799 2383 quae
835 2311 1030 2383 sequuntur
1065 2318 1332 2382 cognoscemus

239 2410 460 2491 Quamquam
496 2410 538 2472 de
574 2409 780 2489 capitulario
819 2409 1038 2489 stipibusque
1073 2409 1262 2472 menstruis
1299 2417 1334 2471 et

240 2517 357 2580 multis
390 2515 586 2579 commissis
620 2515 793 2578 sodalium
829 2534 873 2579 ex
905 2516 1016 2578 titulis
1040 2516 1169 2578 nostris
1193 2516 1333 2579 omnino

238 2624 323 2686 nihil
359 2622 592 2702 comperimus
605 2625 640 2704 6),
676 2631 795 2685 tamen
830 2622 873 2684 de
909 2621 1186 2685 dedicationibus
1220 2639 1335 2702 pauca

240 2729 417 2793 discimus,
464 2727 646 2790 Habemus
672 2728 764 2789 enim
783 2729 969 2791 nonnullos
994 2728 1124 2807 titulos
1148 2728 1183 2790 in
1208 2728 1335 2808 quibus

239 2833 388 2913 collegio
412 2833 580 2895 iuvenum
597 2833 641 2895 ad
665 2842 780 2897 certas
804 2852 862 2897 res
879 2834 995 2914 capita
1018 2835 1201 2900 donantur.
1236 2834 1278 2900 N.
1292 2835 1334 2897 49

240 2939 368 3002 dantur
383 2938 418 3000 in
435 2941 581 3002 tutelam
597 2940 751 3001 sestertii
768 2938 812 3012 D,
830 2940 875 3003 ad
892 2940 984 3020 quid,
1009 2957 1079 3003 non
1096 2939 1178 3001 dicit
1195 2939 1333 3028 titulus3

239 3063 273 3110 n.
302 3045 340 3106 17
366 3054 534 3123 patronus
560 3045 727 3107 iuvenum
743 3045 972 3108 Fabrateriae
998 3044 1105 3107 donat
1130 3045 1333 3108 sestertium

241 3149 310 3212 duo
336 3150 432 3212 milia
454 3168 644 3229 nummum,
669 3162 705 3214 ur
731 3169 775 3214 ex
800 3151 917 3213 usuris
941 3150 997 3213 die
1021 3150 1130 3213 natali
1154 3151 1229 3213 eius
1252 3168 1332 3215 non.

240 3255 321 3322 Mai.
351 3256 512 3319 omnibus
546 3259 646 3321 annis
682 3258 861 3339 sportulae
897 3256 1098 3320 dividantur
1133 3256 1333 3345 iuvenibus3

239 3382 273 3428 n.
297 3362 340 3425 30
365 3361 403 3429 C.
429 3361 563 3443 Oppius
600 3365 664 3451 „ob
701 3373 863 3444 statuam,
899 3365 935 3426 in
972 3379 1077 3443 quarn
1112 3363 1335 3426 contulerunt

239 3469 396 3542 iuvenes
422 3468 567 3532 donavit
590 3470 791 3533 sestertium
808 3468 871 3532 ΙΙΙΙ
894 3470 990 3532 milia
1013 3486 1203 3550 nummum,
1229 3487 1334 3550 quam

240 3593 413 3638 summam
431 3576 480 3640 ita
497 3576 664 3639 donatum
679 3577 869 3657 habebunt,
894 3586 933 3640 ut
949 3584 1119 3656 perpetuo
1143 3576 1244 3639 annis
1268 3576 1335 3640 sin·

460 3691 475 3720 Ι

386 3776 419 3828 cf.
440 3776 582 3826 Liebenam
600 3790 644 3841 pg.
663 3774 725 3828 216.

386 3865 418 3917 cf.
438 3881 464 3916 n.
484 3863 532 3917 46:
551 3865 674 3926 magister
692 3865 814 3915 iuvenum
834 3864 936 3930 iterum,
957 3870 1090 3929 patronus.

385 3954 415 4004 cs.
435 3954 572 4003 Liebenam
592 3969 635 4018 pg.
654 3950 714 4006 220.

339 4037 367 4102 4)
387 4042 420 4091 cs.
440 4042 563 4108 Dirksen,
583 4041 660 4093 Civil.
679 4041 816 4093 Abhandl.
835 4043 870 4093 II.
892 4040 969 4094 1820.

341 4127 368 4190 5)
389 4131 420 4180 ci.
442 4133 599 4196 Mommsen,
618 4132 651 4180 de
670 4131 739 4184 coli·
751 4139 778 4181 et
797 4133 853 4184 sod.
872 4132 954 4183 Rom.
974 4146 1017 4195 pg.
1037 4127 1097 4182 118.

339 4214 367 4282 6)
386 4216 496 4285 Scffiess,
517 4221 567 4269 Die
588 4221 652 4271 rdm.
672 4220 738 4272 Coll.
758 4221 812 4271 fun.
832 4235 875 4286 pg.
895 4219 926 4272 81
949 4221 981 4270 de
999 4219 1041 4268 his
1060 4220 1139 4268 rebus
1159 4219 1218 4282 egit.

1219 4308 1236 4359 2
