3292 5067
349 1457 631 1520 Fundamentum
661 1457 706 1521 ad
730 1460 881 1541 collegia
904 1459 1098 1536 tractanda,
1123 1469 1161 1522 ut
1184 1469 1339 1540 praeter-

243 1564 377 1627 mittam
402 1563 569 1645 Lipsium,
602 1562 803 1626 Odericium
827 1565 984 1645 aliosque
1008 1565 1234 1647 antiquiores,
1258 1566 1339 1630 iecit

243 1672 528 1754 Mommsenusb.
569 1672 758 1753 Postquam
785 1690 830 1734 ex
855 1672 914 1734 illo
931 1666 1088 1752 tempore
1113 1672 1156 1734 ad
1181 1681 1340 1736 nostram

243 1789 395 1844 aetatem
422 1797 525 1842 nemo
561 1778 634 1842 fere
666 1778 748 1841 huic
778 1779 830 1840 rei
865 1796 1009 1859 operam
1043 1779 1173 1857 tribuit,
1209 1778 1338 1841 nostris

243 1888 366 1951 diebus
405 1887 545 1967 singula
590 1886 739 1966 collegia
784 1885 976 1965 separatim
1018 1884 1171 1948 describi
1214 1893 1338 1964 coepta

242 2003 332 2058 sunt.
380 1993 499 2074 Atque
538 1992 621 2058 1886
657 1992 760 2055 Maue
801 1991 975 2073 quaesivit
1011 1991 1161 2072 collegia
1200 1991 1339 2053 fabrum

242 2099 525 2164 centonariorum
563 2108 598 2161 et
637 2098 887 2161 dendrosorum
921 2098 1057 2179 imperii
1086 2096 1235 2161 Romani
1248 2100 1272 2178 ²)
1303 2105 1338 2160 et

244 2206 328 2270 1888
364 2204 506 2268 Schiess
542 2204 628 2267 satis
663 2213 829 2267 accurate
868 2222 913 2266 ex
946 2203 1231 2284 inscriptionibus
1270 2204 1337 2265 col·
1395 2228 1397 2231 ’

241 2313 334 2392 legia
368 2312 537 2390 Romana,
581 2326 671 2391 quae
707 2313 929 2392 appellantur
965 2310 1183 2389 lunereticia,
1221 2311 1337 2390 expla-

240 2418 347 2496 navit,
384 2417 534 2497 denique
562 2417 646 2481 1890
670 2415 724 2479 W.
750 2415 943 2479 Liebenam
977 2416 1013 2478 in
1040 2415 1130 2479 libro
1157 2414 1247 2503 „Zur
1271 2414 1336 2478 Ge-

240 2524 398 2587 schichte
437 2522 508 2585 und
544 2521 796 2624 Organisation
842 2522 904 2585 des
939 2522 1139 2585 romischen
1173 2521 1337 2585 Vereins·

245 2635 401 2694 wesens“
428 2628 608 2709 imprimiS,
642 2637 680 2690 ut
710 2629 785 2708 ipse
820 2628 857 2691 in
880 2629 1059 2709 prooemio
1082 2646 1141 2709 pg.
1166 2628 1218 2694 IV
1242 2628 1336 2707 dicit,

241 2737 391 2817 collegia
426 2735 599 2816 opiticum.
647 2734 687 2797 In
721 2734 777 2813 iis,
814 2752 905 2815 quae
941 2744 1150 2815 sequuntur,
1187 2734 1336 2815 collegia

239 2845 406 2907 iuvenum
430 2861 474 2905 ex
509 2842 619 2905 titulis
642 2841 777 2905 Latinis
813 2843 918 2921 paulo
954 2842 1153 2922 accuratius
1186 2851 1336 2905 contem-

239 2952 386 3030 plemur.

346 3054 539 3117 Liebenam
571 3054 614 3117 de
648 3054 806 3134 collegiis
840 3052 1004 3135 opificum
1027 3054 1110 3117 dicit
1122 3058 1163 3137 3);
1194 3053 1261 3117 Die
1285 3053 1335 3117 In-

239 3161 408 3225 schriften
440 3160 565 3241 zeigen
597 3178 663 3224 uns
698 3178 794 3223 zwar
828 3161 883 3223 die
913 3161 1149 3242 Verbreitung
1183 3162 1245 3225 der
1278 3161 1335 3242 'ge-

238 3267 454 3332 werblichen
470 3266 635 3347 Vereine,
660 3268 853 3348 gewahren
877 3268 967 3331 auch
984 3268 1157 3331 manchen
1174 3268 1334 3331 Einblick

237 3377 273 3438 in
298 3374 361 3437 das
385 3374 506 3437 innere
531 3374 651 3437 Leben
675 3375 872 3458 desselben,
902 3376 990 3437 tiber
1012 3374 1087 3438 ihre
1111 3374 1334 3455 Verfassung

237 3483 323 3546 aber
346 3481 462 3561 geben
486 3480 548 3564 sie,
584 3499 655 3543 von
679 3481 844 3560 wenigen
867 3480 992 3544 Fallen
1016 3482 1229 3562 abgesehen,
1266 3481 1334 3545 kei·

237 3607 306 3652 nen
330 3588 490 3651 direkten
506 3587 729 3654 Aufschluss
768 3587 865 3651 Idem
889 3588 998 3651 multo
1022 3588 1167 3651 meliore
1191 3588 1266 3652 iure
1291 3588 1333 3651 de

238 3694 395 3774 collegiis
419 3694 587 3757 iuvenum
615 3694 683 3758 dici
711 3703 843 3774 potest3
880 3712 963 3757 nam
993 3712 1037 3757 ne
1070 3711 1160 3758 unus
1194 3695 1335 3775 quidem

237 3800 358 3863 titulus
397 3810 452 3864 est
486 3801 661 3880 inventus,
702 3801 760 3882 qui
800 3801 918 3863 album
958 3801 1097 3881 collegii
1136 3810 1196 3865 aut
1235 3803 1334 3882 leges

237 3905 416 3984 praebeat.

337 4084 366 4150 1)
383 4088 415 4140 cf.
435 4089 476 4136 De
496 4087 618 4152 collegiis
639 4094 665 4137 et
686 4088 820 4139 sodaliciis
839 4090 1032 4155 Romanorum,
1049 4081 1141 4140 Kiliae
1161 4088 1239 4143 1843.

252 4165 254 4172 ’
336 4170 364 4237 2)
383 4174 415 4225 cs.
437 4175 515 4224 etiam
535 4175 694 4244 Hirschfeld,
714 4175 850 4227 Gallische
870 4177 983 4228 Studien
1002 4178 1044 4226 III
1062 4193 1104 4243 pg.
1124 4175 1177 4230 239
1197 4194 1255 4243 sqq.

338 4258 367 4323 3)
387 4261 421 4311 cf.
441 4262 595 4328 Liebenam,
616 4265 679 4313 Zum
698 4264 847 4315 rdmischen
866 4265 1063 4315 Vereinswesen
1082 4282 1125 4331 pg.
1146 4264 1205 4318 163.
