3292 5067
707 432 882 487 ..ργ-

243 614 331 677 erga
354 596 548 676 municipes
571 596 791 676 patriamque
816 596 861 659 ad
889 603 893 676 1
922 596 1108 660 sectionem
1132 596 1225 677 quod
1248 596 1279 660 is
1305 595 1340 658 in

244 701 337 764 hono
357 706 362 780 1
380 701 477 765 ribus
502 701 605 764 enixe
630 701 744 783 adque
768 702 994 782 impenssime
1014 709 1018 783 1
1037 685 1072 764 in
1096 701 1258 765 omnibus
1282 719 1340 781 pa-

244 808 333 872 triae
357 824 442 872 suae
466 809 520 870 lar
539 815 542 889 1
562 808 654 888 giter
678 808 818 874 functus
843 810 889 873 sit
913 809 1120 890 dignissimo
1143 814 1212 888 pal
1237 816 1339 871 trono

243 914 325 994 poni
349 923 561 982 censuerunt
584 915 603 982 l.
630 914 662 982 d.
687 914 720 982 d.
745 915 777 981 d.

289 1088 342 1154 19.
366 1087 533 1169 Anagnia
557 1090 604 1171 (X
627 1089 739 1171 5928).

181 1288 183 1292 ,
349 1213 386 1279 P.
411 1212 574 1293 Vegellio
597 1213 634 1279 P.
671 1212 693 1279 f.
717 1213 804 1281 Pub.
823 1214 954 1277 ‘Primo
979 1222 983 1295 1
1010 1233 1063 1295 eq.
1089 1214 1129 1279 R.
1164 1213 1194 1277 II
1217 1213 1283 1278 vir.
1308 1232 1341 1294 q.

244 1320 336 1385 alim.
361 1336 433 1382 cur.
458 1337 523 1399 pec
543 1326 547 1400 1
566 1337 693 1386 annon.
718 1339 750 1401 q.
776 1315 888 1387 ae'rar.
914 1339 1018 1384 arcae
1041 1338 1089 1401 pu
1109 1327 1113 1400 1
1132 1321 1165 1385 b.
1191 1336 1262 1384 cur.
1285 1337 1340 1400 rp.

244 1426 486 1489 Trebanorum
510 1444 554 1488 ex
574 1432 577 1505 1
597 1426 742 1505 semplis
765 1427 1023 1490 munificentiae
1054 1443 1118 1490 sua
1139 1433 1142 1507 1
1162 1444 1181 1488 e
1211 1426 1341 1507 optime

244 1533 392 1596 merenti
416 1532 585 1613 collegius
609 1533 620 1593 i
649 1538 652 1612 1
680 1549 834 1595 uvenum
858 1542 1007 1613 patrono
1032 1533 1239 1614 dignissimo
1268 1538 1271 1608 1
1296 1535 1340 1596 ob

244 1647 452 1701 renovatam
477 1640 521 1701 ab
539 1657 580 1701 eo
605 1640 703 1702 lusus
720 1640 801 1702 iuve
822 1646 826 1719 1
845 1657 929 1706 num
953 1641 1047 1721 quod
1064 1649 1241 1703 vetustate
1258 1648 1341 1703 tem·

222 1750 391 1835 porum(
418 1742 532 1806 fuerat
561 1744 786 1807 obliteratum
810 1745 854 1807 ob
880 1762 986 1826 quam
1009 1746 1079 1807 hon
1109 1751 1114 1824 1
1142 1744 1214 1807 oris
1238 1742 1342 1807 huius

244 1849 456 1912 oblationem
490 1848 545 1911 die
568 1856 653 1912 nata
681 1856 684 1930 1
713 1849 755 1911 lis
789 1849 844 1913 sui
877 1850 991 1912 eidem
1024 1850 1172 1932 collegio
1205 1848 1240 1912 V
1263 1848 1340 1913 Kal.

247 1956 313 2021 Oct
333 1963 336 2037 1
358 2007 364 2022 .
384 2006 417 2021 ..

219 2088 670 2222 'mmmm.
1139 2207 1141 2210 v

335 2247 442 2318 'Eros
465 2254 569 2318 vivas
599 2262 603 2335 1
634 2254 672 2321 C.
698 2254 811 2336 Oppio
836 2255 875 2321 C.
900 2256 922 2323 f.
947 2256 1161 2338 (Pomponi)
1186 2261 1190 2334 1
1214 2253 1341 2339 ius[tis-

245 2362 333 2425 simo
358 2360 434 2424 viro
459 2361 584 2447 eidem]
608 2362 725 2446 plenfo
749 2361 977 2426 humanitatis
1007 2360 1206 2445 collegium]
1225 2366 1229 2439 1
1248 2359 1343 2422 iube·

244 2485 328 2531 num
351 2467 395 2529 ob
421 2467 587 2529 eximium
606 2473 609 2546 1
629 2485 786 2531 amorem
810 2467 886 2530 eius
910 2484 1031 2531 meren
1051 2473 1055 2546 1
1074 2467 1100 2529 ti
1123 2484 1155 2546 p.
1182 2484 1210 2531 c.
1236 2465 1269 2529 S.
1296 2466 1340 2528 ob

245 2592 349 2656 quem
369 2580 373 2655 1
393 2574 574 2659 [honorem
599 2574 692 2655 quod
708 2574 754 2659 in]
779 2582 934 2638 statuam
953 2580 957 2654 1
977 2573 1199 2637 contulerunt
1224 2573 1316 2635 dona
1336 2578 1340 2651 1

244 2682 295 2745 vit
319 2680 370 2745 SS
394 2680 456 2743 IIII
479 2696 524 2747 m.
548 2699 581 2743 n.
607 2699 713 2761 quam
736 2698 815 2744 sum
844 2688 848 2761 1
876 2699 970 2744 mam
994 2682 1043 2743 ita
1072 2681 1201 2744 donata
1223 2679 1340 2760 habet

244 2789 295 2851 bit
318 2805 382 2868 per
412 2787 513 2851 annis
538 2787 628 2867 sing.
654 2788 708 2850 die
729 2793 732 2867 1
751 2787 861 2851 natali
885 2787 995 2867 ipsius
1024 2806 1069 2849 ex
1092 2787 1210 2849 usuris
1228 2793 1232 2866 1
1252 2802 1342 2849 sum·

244 2912 323 2958 mae
339 2912 366 2957 s
384 2912 412 2966 s.
430 2896 606 2974 sportulas
622 2901 626 2975 1
645 2895 835 2975 presentib.
853 2895 1012 2960 dividant
1028 2903 1063 2957 et
1080 2895 1155 2962 dec.
1172 2894 1217 2957 ob
1238 2909 1343 2974 quam

246 2998 324 3064 ded.
348 2998 442 3060 omni
461 3005 465 3078 1
484 2999 550 3061 bus
575 2998 701 3080 divisit
710 3048 850 3068 ......

289 3153 345 3223 al.
369 3153 528 3217 Velitrae
553 3154 599 3238 (X
624 3156 733 3237 6555).

352 3284 396 3348 M.
423 3284 564 3348 Ofasius
578 3292 596 3364 ’1
620 3285 759 3349 Firmus
787 3287 908 3352 Marus
934 3295 938 3368 1
963 3288 1147 3352 Cornelius
1171 3290 1260 3353 Mari
1284 3290 1306 3355 f.
1336 3296 1340 3370 1

246 3391 320 3456 Clu.
346 3390 516 3454 Cossinus
540 3397 544 3471 1
567 3392 769 3471 praefectus
793 3395 931 3458 fabrum
956 3403 960 3476 1
985 3397 1146 3460 tribunus
1169 3396 1315 3460 militum
1336 3403 1340 3477 1

245 3500 313 3578 leg.
338 3496 436 3561 XIIII
460 3498 589 3578 gemin.
613 3498 746 3567 victric.
768 3507 771 3581 1
792 3510 934 3564 curator
958 3503 1056 3565 lusus
1080 3503 1197 3569 iuven.
1217 3509 1221 3584 1
1240 3503 1270 3567 II
1287 3504 1344 3566 vir

245 3614 414 3685 patronus
439 3604 550 3672 colon.
571 3612 575 3686 1
593 3604 623 3668 F
625 3607 759 3670 ortunis
783 3606 988 3671 AntIatibus
1007 3617 1011 3689 1
1031 3609 1063 3676 d.
1082 3609 1114 3676 d.

289 3779 330 3845 21
340 3800 371 3847 a.
412 3778 501 3844 Cum
537 3790 711 3845 curatore
739 3783 838 3845 lusus
877 3783 1045 3846 iuvenum
1080 3784 1341 3860 Veliternorum

246 3892 341 3947 recte
371 3903 621 3966 componemus
651 3894 808 3950 tesseras
839 3889 1023 3967 plumbeas
1046 3888 1192 3953 Velitris
1227 3906 1342 3969 reper-

246 3997 311 4067 tas
347 3991 534 4072 inscriptas
570 3994 732 4055 alteram:
775 3993 959 4080 „Feliciter
993 3995 1226 4075 municipibus
1245 3994 1342 4058 ‘Veli-

246 4095 354 4158 ternis
385 4106 420 4158 et
448 4096 627 4161 Iuvenalia
651 4097 835 4161 Veliterna
863 4099 1049 4184 feliciter“3‘
1088 4102 1249 4164 alteram:
1275 4101 1342 4164 Ge-

247 4218 334 4264 rano
359 4203 511 4265 curatori
535 4203 682 4269 feliciter
706 4214 740 4269 et
765 4206 945 4269 sodalibus
969 4206 1161 4270 Veliternis
1185 4205 1342 4273 feliciter.
