3292 5067
787 420 963 479 -20—

270 560 274 566 .
327 594 447 662 titulos
470 595 642 672 habemus
666 594 742 657 sive
766 594 821 658 dis
845 595 921 657 sive
947 595 1081 659 deabus
1105 595 1302 660 dedicatos:
1326 615 1361 662 n.
1381 596 1425 659 54

327 701 480 782 Herculi,
516 720 548 764 n.
575 701 616 764 73
640 700 784 764 Herculi
808 701 951 780 invicto,
987 719 1021 766 n.
1047 702 1089 765 75
1112 701 1234 765 .Genio
1260 701 1424 782 Augusti,

225 804 230 814 '
327 826 384 874 nn.
410 807 539 870 65-67
574 805 686 869 Genio
721 805 860 886 collegii
895 806 1097 884 iuventutis,
1133 826 1166 877 n.
1197 809 1239 873 70
1274 807 1425 884 Dianae,

327 932 359 977 n.
386 914 429 976 74
452 913 607 993 Eponae,
636 930 668 974 n.
694 911 737 975 25
761 912 935 976 Felicitati
960 910 1149 996 Avaeael),
1177 932 1211 980 n.
1236 913 1276 979 21
1302 914 1426 976 Fortu·

327 1021 382 1083 nis
398 1018 611 1096 Antiatibus,
636 1036 670 1085 n.
684 1019 726 1081 76
742 1017 926 1098 Nymphis.
965 1018 1144 1082 Interdum
1167 1038 1238 1083 non
1262 1021 1426 1084 omittunt

329 1126 549 1189 dedicatores
582 1142 710 1187 nomen
745 1125 968 1205 imperatoris
1003 1126 1121 1206 aliquo
1145 1126 1250 1189 modo
1274 1127 1423 1206 adicere,

328 1233 405 1296 sive
428 1240 467 1294 ut
490 1248 570 1293 eum
594 1230 659 1292 deo
684 1230 930 1293 commendare
964 1231 1074 1294 velint
1106 1233 1183 1294 sive
1215 1233 1283 1296 sibi
1313 1234 1424 1296 conci·

328 1339 430 1418 liare,
464 1337 512 1400 ita
535 1337 656 1400 titulus
686 1355 720 1402 n.
746 1337 787 1399 73
821 1338 986 1416 praebet:
1020 1337 1165 1400 Herculi
1197 1339 1329 1402 invicto
1362 1357 1425 1420 pro

329 1446 443 1508 salute
478 1441 650 1523 Augusti;
686 1461 720 1509 n.
751 1444 809 1506 74;
847 1442 991 1523 Eponae
1024 1461 1088 1523 pro
1124 1446 1237 1508 salute
1260 1444 1425 1527 Augusti,

329 1569 363 1617 n.
387 1550 429 1613 70
453 1548 590 1615 Dianae
613 1550 650 1612 in
673 1550 845 1612 honorem
868 1549 993 1613 domus
1021 1551 1174 1616 divinae.
1220 1550 1427 1632 Imperatori

328 1656 396 1737 ipsi
419 1666 579 1721 sacratus
604 1667 658 1719 est
681 1656 803 1718 titulus
828 1655 1041 1736 Tiburtinus
1072 1675 1104 1721 n.
1130 1657 1166 1719 8:
1191 1657 1243 1723 Ti.
1269 1657 1425 1738 Caesari,

330 1763 402 1825 divi
424 1762 579 1843 Augusti
601 1762 682 1839 filio,
707 1761 779 1824 divi
802 1760 880 1824 Iulii
902 1763 1021 1841 nepoti
1045 1760 1220 1842 Augusto

436 1868 527 1949 Quid
550 1870 675 1949 loquar
698 1868 741 1930 de
758 1867 881 1933 sacris,
915 1867 962 1931 Ut
978 1868 1145 1932 Dirkseni
1160 1870 1281 1933 verbis
1297 1879 1377 1932 utar
1384 1874 1424 1953 2);

333 1994 456 2063 „sacra
477 1974 596 2039 bilden
620 1973 676 2037 die
690 1974 901 2054 Bedingung
917 1974 1012 2038 ihrer
1038 1975 1114 2056 (der
1131 1975 1325 2058 Collegien)
1339 1975 1426 2040 Con-

330 2083 460 2146 sistenz
482 2081 554 2144 und
577 2079 721 2143 werden
753 2082 807 2143 als
843 2087 1008 2143 ausseres
1032 2080 1425 2161 Erkennungszeichen,

327 2187 364 2268 ja
388 2188 482 2250 nicht
506 2187 620 2250 selten
642 2188 695 2249 als
711 2185 894 2249 Vorwand
918 2187 1015 2249 eines
1038 2204 1122 2249 vom
1139 2187 1259 2251 Staate
1283 2188 1425 2268 beglau-

331 2295 453 2373 bigten
470 2292 818 2355 Communalwesens
843 2293 1069 2373 gebraucht.“
1106 2292 1215 2357 Cuius
1231 2303 1350 2357 autem
1368 2311 1426 2373 ge-

329 2400 424 2463 neris
448 2417 550 2462 sacra
578 2399 807 2480 collegiorum
842 2400 1009 2463 iuvenum
1042 2400 1181 2478 fuerint,
1215 2418 1286 2464 non
1310 2402 1425 2463 elucet

331 2525 376 2570 ex
400 2506 520 2571 titulis

426 2612 556 2677 ⁴Sacris
580 2621 748 2692 praesunt
778 2613 814 2675 in
839 2614 998 2693 collegiis
1022 2614 1189 2677 iuvenum
1212 2614 1426 2680 sacerdotes.

316 2721 409 2787 ⁴Hoc
432 2736 558 2782 munus
582 2720 617 2781 in
642 2720 719 2788 aliis
736 2720 894 2800 collegiis
911 2707 1161 2799 magistrorum
1178 2730 1232 2784 est
1241 2724 1276 2803 ³).
1311 2720 1428 2783 Unum

331 2827 552 2891 sacerdotem
586 2826 772 2906 collegium
798 2826 961 2907 quodque
990 2827 1157 2890 habuisse
1184 2827 1330 2893 videtur.
1377 2826 1427 2889 In-

331 2933 492 2997 venimus
517 2931 702 3012 Anagniae
735 2937 782 3015 (n.
811 2933 863 3010 18)
894 2933 1116 2996 sacerdotem
1139 2934 1332 2997 iuventutis
1356 2932 1427 2995 An·

331 3041 515 3126 [agn]inae,
530 3039 695 3102 Veronae
712 3050 758 3122 (n.
776 3040 832 3122 47)
847 3040 1070 3102 sacerdotem
1087 3041 1262 3120 iuvenum,
1287 3040 1427 3103 Brixiae

333 3152 379 3229 (n.
403 3147 459 3229 49)
484 3145 705 3209 sacerdotem
737 3146 878 3226 collegii
910 3147 1077 3209 iuvenum
1100 3146 1346 3209 Brixianorum
1369 3147 1428 3209 vel

333 3259 380 3336 (n.
404 3253 460 3333 50)
484 3253 705 3317 sacerdotem
720 3252 888 3315 iuvenum
905 3252 1070 3333 Brixiam,
1094 3252 1283 3315 Mediolani
1308 3256 1353 3334 (n.
1372 3253 1427 3336 57)

332 3360 553 3422 sacerdotem
585 3360 752 3421 iuvenum
784 3357 1121 3425 Mediolaniensium.
1167 3358 1283 3423 Etiam
1315 3376 1429 3421 sacer-

333 3466 433 3530 dotes
457 3467 662 3545 plerumque
679 3464 825 3527 summis
849 3465 885 3526 in
900 3465 1076 3545 muncipio
1101 3465 1176 3528 sive
1197 3464 1334 3526 colonia
1357 3481 1428 3527 mu-

332 3571 475 3633 neribus
499 3569 608 3633 suncti
638 3578 729 3636 sunt.
778 3569 988 3650 Anagninos
1023 3570 1086 3633 fuit
1119 3579 1289 3650 patronus
1321 3569 1428 3631 muni-

434 3768 459 3829 1)
468 3773 559 3818 Avaea
568 3767 671 3816 videtur
684 3767 852 3817 denominata
864 3768 945 3818 fuisse
955 3767 1079 3817 Felicitas
1089 3784 1104 3816 a
1113 3774 1191 3830 gente
1201 3770 1427 3833 RomanaAvaea,

333 3873 399 3925 quae
419 3858 447 3907 in
467 3857 543 3905 titulo
562 3856 700 3905 Interacrii
719 3854 801 3921 (quod
820 3857 899 3905 situm
920 3865 959 3906 est
982 3857 1053 3905 haud
1073 3856 1163 3922 procul
1181 3859 1215 3906 ab
1234 3858 1378 3919 Amitern0,
1407 3854 1429 3904 si

332 3947 360 3996 in
381 3946 536 3995 occidentem
565 3960 614 3993 nos
641 3945 776 4008 vertimus)
804 3945 911 3994 invento
931 3952 1147 3995 commemoratur
1175 3947 1218 4008 (ci.
1238 3948 1267 3997 C.
1294 3946 1315 3997 Ι.
1335 3947 1366 3996 L.
1384 3946 1428 3992 IX

331 4033 422 4097 4647).
441 4034 510 4083 Huic
528 4033 600 4096 genti
617 4033 702 4083 cultus
723 4033 866 4083 Felicitatis
885 4034 1007 4099 proprius
1026 4034 1108 4083 inisse
1127 4035 1238 4087 videtur.

431 4122 460 4186 ι2)
478 4123 509 4173 cf.
529 4122 653 4185 Dirksen,
673 4122 749 4173 Civil.
768 4122 842 4174 Abh.
862 4124 889 4170 II
908 4138 950 4187 pg.
969 4121 995 4174 8.

431 4210 460 4277 3)
479 4211 511 4262 cf.
530 4210 633 4261 Schiess
652 4227 693 4276 pg.
713 4209 755 4277 51,
775 4212 919 4260 Liebenam
937 4226 981 4275 pg.
1001 4208 1062 4262 287.
