3292 5067
709 425 883 478 ..13-

247 598 441 662 obtinuisse
465 597 545 662 inde
570 606 726 681 apparet,
763 596 857 677 quod
891 596 927 658 in
960 595 1038 660 aliis
1072 593 1231 675 collegiis
1264 610 1343 673 epo-

247 705 345 785 nymi
368 715 449 768 sunt
461 709 497 787 1).

355 812 452 891 Quae
476 810 605 873 fuerint
638 810 817 890 magistris
851 809 1014 873 facienda
1046 809 1083 872 in
1115 807 1265 886 collegio
1299 824 1344 869 ex

247 918 355 981 titulis
380 918 547 999 cognosci
579 935 650 979 non
683 926 809 996 potest.
857 915 1011 988 Dirksen
1036 915 1133 978 dicit:
1169 899 1265 978 Uber
1288 912 1344 974 die

247 1023 448 1103 Thatigkeit
473 1023 588 1085 dieser
622 1023 784 1102 magistri
816 1023 933 1103 geben
967 1022 1023 1085 die
1047 1021 1195 1101 Quellen
1218 1019 1345 1083 keinen

246 1128 482 1208 genilgenden
494 1127 720 1206 Auischluss3
745 1127 845 1191 indes
870 1129 956 1189 alles
974 1126 1106 1207 spricht
1126 1123 1236 1203 datur,
1261 1124 1344 1188 dass

171 1247 174 1254 ·
248 1236 428 1302 dieselben
455 1233 698 1296 vornehmlich
731 1234 910 1298 bestimmt
943 1250 1111 1313 gewesen
1143 1231 1252 1310 seien,
1288 1230 1344 1296 die

247 1344 395 1405 inneren
418 1341 664 1404 Verhaltnisse
699 1341 794 1404 ihrer
828 1340 1022 1404 Commune
1057 1356 1100 1401 zu
1135 1337 1345 1419 inspicieren

247 1449 319 1511 und
342 1449 431 1511 tiber
454 1448 562 1511 deren
578 1447 741 1511 Statuten
764 1465 808 1510 zu
832 1447 995 1531 wachen;
1021 1446 1104 1508 dass
1129 1444 1179 1507 sie
1203 1443 1345 1507 berech-

247 1554 314 1635 tigt
338 1572 505 1635 gewesen
529 1554 618 1633 sind,
643 1553 719 1617 sich
743 1557 796 1617 als
809 1553 1114 1633 Reprasentanten
1137 1551 1232 1613 ihrer
1245 1549 1345 1614 Com-

248 1654 360 1722 mune'
377 1660 440 1722 der
464 1659 855 1739 Rechtsstreitigkeiten
878 1658 1065 1721 derselben
1093 1657 1345 1735 anzunehmen,

247 1767 292 1829 ist
316 1766 493 1849 gewiss2).
540 1766 618 1829 Hac
652 1767 689 1828 in
723 1784 762 1828 re
794 1784 866 1829 non
896 1776 950 1828 est
974 1763 1252 1828 obliviscendum
1275 1781 1345 1826 ma-

247 1873 388 1953 gistros,
425 1873 455 1934 si
488 1872 581 1936 unici
616 1872 846 1951 magistratus
882 1870 1021 1952 collegii
1057 1879 1147 1949 sunt,
1183 1868 1345 1931 omnibus

247 1978 451 2041 muneribus
475 1976 574 2058 fungi
582 1983 617 2061 ³).
665 1976 817 2041 Maiores
842 1977 933 2041 tituli
956 1996 990 2043 n.
1007 1976 1049 2039 23
1074 1976 1239 2040 videntur
1261 1975 1346 2039 mihi

245 2085 352 2147 iidem
376 2102 466 2164 esse,
491 2070 551 2165 qui
575 2085 658 2148 alibi
681 2085 843 2165 magistri
865 2093 1039 2148 vocantur
1048 2086 1086 2166 4).
1355 2083 1358 2088 “

354 2191 520 2272 Agedum
544 2192 820 2273 contemplemur
848 2200 1040 2256 curatores,
1087 2189 1196 2252 Multo
1214 2190 1346 2268 rariuS,

247 2315 352 2378 quam
368 2299 529 2379 magistri
544 2299 579 2362 in
595 2298 705 2376 titulis
722 2306 1042 2361 commemorantur
1063 2299 1133 2377 (nn.
1151 2296 1201 2381 11,
1214 2297 1266 2373 to,
1279 2296 1345 2378 62).

248 2404 303 2467 Ex
326 2405 426 2468 titulo
451 2409 497 2487 (n.
523 2405 577 2488 62)
607 2405 844 2485 Hispaniensi,
879 2405 916 2467 in
951 2421 1020 2485 quo
1055 2412 1128 2467 tres
1163 2412 1345 2466 curatores

249 2510 421 2594 dicuntur,
458 2512 624 2591 colligere
660 2511 772 2591 possit
810 2510 937 2592 aliquis
972 2508 1131 2572 aedificia
1155 2526 1346 2591 eorumque

250 2625 458 2680 ornamenta
483 2617 703 2680 curatoribus
728 2617 837 2681 fuisse
862 2634 968 2680 curae
980 2618 1016 2698 ⁵).

356 2722 586 2787 Curatoribus
603 2724 719 2804 aliquo
736 2724 841 2789 modo
857 2724 989 2786 similes
1006 2722 1115 2785 luisse
1139 2730 1346 2802 quaestores

249 2828 332 2891 dicit
348 2828 534 2910 Schiessss),
568 2830 657 2892 Puto
673 2832 880 2911 plerumque
897 2829 986 2893 duos
1003 2836 1210 2909 quaestores
1227 2828 1346 2909 fuisse,

251 2952 400 3014 quorum
424 2937 574 2999 alterum
608 2938 652 2999 ab
677 2938 788 2999 altero
813 2936 1027 3000 custoditum
1052 2952 1131 2998 esse
1155 2934 1346 2999 verisimile

253 3049 307 3102 est
319 3044 354 3121 ⁷).
390 3042 583 3106 Praeerant
599 3060 703 3106 arcae
720 3043 861 3123 collegii
885 3051 920 3106 et
943 3043 1054 3122 stipes
1070 3041 1243 3105 sodalium
1260 3042 1346 3105 acci-

252 3211 466 3222 -ι--ψ-

348 3323 376 3390 1)
395 3323 427 3374 cs.
446 3322 562 3389 Schiess,
582 3338 625 3389 pg.
645 3320 689 3377 46,
1084 3359 1087 3366 .

287 3423 289 3438 ’
346 3411 373 3479 2)
396 3413 429 3464 cf.
448 3411 573 3478 Dirlrsen‚
593 3412 772 3462 Civilistische
791 3413 1005 3478 Abhandlungen
1023 3414 1060 3469 11.
1078 3414 1154 3465 Band
1174 3413 1264 3465 Berlin
1277 3412 1348 3469 1820

248 3517 291 3567 pg.
310 3499 354 3568 57,
374 3500 469 3550 similia
487 3501 578 3550 dieunt
595 3501 703 3551 Schiess
722 3501 740 3553 1.
759 3518 780 3555 c.
799 3518 843 3568 pg.
862 3500 897 3555 46
916 3511 946 3560 et,
960 3502 1105 3554 Liebenam
1119 3519 1166 3568 pg.
1184 3500 1245 3558 205.

346 3588 374 3656 3)
395 3590 426 3643 cf.
445 3589 579 3640 Asconius
607 3591 640 3639 ad
659 3590 711 3642 Cic.
738 3592 767 3641 in
785 3592 839 3644 Pis.
860 3607 881 3644 c.
900 3590 931 3644 4:
960 3592 1088 3644 Solebant
1116 3600 1201 3643 autem
1228 3593 1348 3656 magistri

249 3677 425 3742 collegiorum
442 3677 520 3728 ludos
539 3678 625 3728 facere
647 3717 653 3731 .
673 3718 680 3731 .
700 3718 706 3731 .
726 3718 733 3731 .
1190 3675 1192 3680 ’

347 3765 375 3832 4)
396 3767 428 3819 cs.
448 3766 552 3817 Schiess
572 3782 616 3833 pg.
635 3765 679 3820 52.

347 3852 425 3921 b)1n
444 3855 564 3918 collegiis
583 3855 695 3915 fabrum,
715 3856 760 3921 qui
779 3856 807 3905 in
828 3856 980 3922 municipiis
999 3857 1154 3910 muneribus
1172 3858 1279 3921 vigilum
1292 3859 1347 3909 Ro·

242 3950 384 3991 manorum
405 3943 587 4010 fungebantur,
619 3950 693 3994 erant
709 3944 872 3993 curatoribus
892 3945 1061 3994 instrumenta
1081 3945 1114 3993 ad
1133 3945 1208 4006 ignes
1227 3961 1347 4011 compes-

247 4029 344 4078 cendos
363 4033 541 4081 conservanda
559 4033 593 4086 cs.
613 4033 642 4086 C.
661 4035 683 4085 Ι.
701 4034 733 4085 L.
752 4033 778 4082 V
796 4031 866 4087 3387
887 4054 919 4077 =
939 4034 984 4086 Or.
1003 4032 1083 4087 4003.

332 4115 375 4184 .6)
393 4118 501 4169 Schiess
520 4136 565 4185 pg.
584 4119 628 4174 61.

347 4204 375 4276 7)
394 4207 425 4259 cs.
444 4207 591 4260 Liebenam
610 4224 653 4274 pg.
672 4208 733 4263 208.
