3292 5067
712 458 871 511 ..9-

242 636 288 713 (6.
306 634 369 714 18),
394 632 558 695 iuventus
574 630 791 693 Artanorum
816 634 862 712 (n.
875 631 943 712 53),
968 629 1155 709 collegium
1171 629 1338 692 iuvenum

241 739 486 803 Brixianorum
511 743 555 820 (6.
570 738 724 819 ata-50),
750 737 939 817 collegium
962 737 1154 800 iuventutis
1172 736 1266 799 Cons
1285 787 1338 804 ...

244 849 289 926 (n.
315 845 379 927 67),
409 844 559 908 iuvenae
584 844 852 924 Corogennates
877 847 922 925 (n.
948 845 1014 924 58),
1048 843 1194 906 iuvenes
1217 843 1339 907 Fificu-

242 952 313 1014 lani
338 956 382 1034 (n.
408 952 475 1034 24),
510 952 657 1014 iuvenes
681 949 857 1014 Lanuvini
881 953 926 1032 (6.
952 952 996 1033 6),
1026 950 1172 1014 iuvenes
1196 950 1339 1013 Lucole·

242 1075 412 1121 ronenses
437 1063 483 1140 (n.
509 1058 575 1138 44),
600 1058 764 1120 iuventus
789 1058 1033 1121 Manliensiurn
1058 1062 1104 1140 (n.
1131 1058 1197 1139 73),
1221 1057 1339 1119 iuven-

242 1176 299 1228 tus
317 1165 601 1228 Mediolaniensis
627 1167 672 1246 (n.
686 1166 754 1247 57),
778 1165 926 1228 iuvenes
943 1164 1186 1228 Nemesiorum
1211 1169 1257 1247 (n.
1272 1163 1338 1245 62),

242 1272 390 1335 iuvenes
414 1270 580 1351 Nepesini
604 1273 648 1352 (6.
674 1272 730 1353 41)
754 1271 901 1334 iuvenes
918 1271 1064 1335 Oeciani
1088 1272 1195 1352 (6.1),
1219 1271 1340 1333 iuven-

243 1386 300 1440 tus
314 1377 645 1441 Sumelocennensis
670 1382 716 1458 (n.
731 1378 888 1459 69-70),
913 1378 1060 1440 iuvenes
1077 1377 1199 1440 Tiburi
1215 1382 1259 1459 (n.
1276 1377 1339 1458 14),

243 1485 408 1548 iuventus
424 1484 819 1548 Trebulae-Mutuescae
843 1490 888 1566 (n.
902 1484 968 1565 36),
993 1485 1133 1547 sodales
1150 1482 1340 1546 Tusculani

244 1595 290 1673 (6.
319 1592 414 1672 126),
439 1591 628 1671 collegium
651 1591 818 1653 iuvenum
843 1591 914 1653 vici
939 1590 1248 1671 Α66111116651εζ6.
1273 1590 1339 1670 66),

243 1697 408 1761 iuventus
432 1697 700 1777 Vohbergensis
725 1700 770 1778 (n.
797 1698 864 1776 65).

349 1803 511 1883 Denique
547 1803 742 1883 adiungunt
777 1804 927 1884 collegia
964 1804 1147 1887 iuvenum,
1187 1803 1222 1865 id
1239 1804 1340 1884 ,quod

244 1910 348 1973 etiam
378 1911 446 1998 alia
470 1910 620 1990 collogia
653 1909 748 1972 haud
771 1910 819 1972 ita
843 1928 931 1975 varo
957 1910 1099 1989 faciunt,
1132 1927 1261 1972 nomen
1285 1909 1341 1972 dei

189 2091 195 2098 l
243 2025 304 2080 aut
327 2017 561 2096 imperatoris
591 2017 666 2079 sive
691 2016 784 2096 quod
807 2016 865 2078 ille
891 2018 1006 2080 cultus
1030 2035 1051 2079 a
1074 2015 1340 2096 magistratibus

243 2123 286 2185 iis
311 2123 460 2185 traditus
484 2131 548 2201 est,
583 2123 659 2185 sive
692 2140 755 2185 sua
780 2124 963 2186 voluntate
994 2139 1073 2185 eum
1098 2130 1338 2202 susceperunt.

243 2229 298 2293 Ita
321 2230 427 2308 longe
452 2228 657 2308 saepissime
692 2230 807 2291 cultus
831 2228 994 2292 Herculis
1027 2228 1213 2291 iuvenibus
1244 2227 1341 2290 cordi

245 2343 313 2397 est:
350 2334 579 2398 Fabrateriae
603 2335 750 2398 iuvenes
774 2351 854 2396 sese
879 2335 1129 2415 cognominant
1155 2334 1340 2414 „Hercula-

244 2439 328 2503 nos“
356 2444 402 2522 (n.
430 2442 493 2520 17),
528 2440 721 2503 Beneventi
746 2445 790 2522 (n.
815 2440 871 2522 23)
893 2451 942 2532 et
972 2441 1006 2503 16
1030 2457 1123 2521 pago
1147 2439 1340 2503 Fificulano

245 2551 290 2630 (6.
308 2546 364 2627 24)
389 2546 552 2610 Herculis
577 2548 745 2625 cultores;
771 2565 803 2612 6.
826 2548 865 2609 41
892 2546 1089 2609 invenimus
1113 2547 1259 2609 iuvenes
1276 2545 1340 2608 Ne-

243 2654 387 2733 pesinos
404 2653 612 2732 Dianenses,
637 2672 670 2720 n.
688 2655 727 2716 16
745 2652 888 2733 Capuae
913 2654 1060 2716 iuvenes
1077 2654 1294 2734 Augustales
1304 2656 1340 2735 ¹),

244 2779 277 2826 n.
307 2761 345 2823 13
369 2760 516 2823 iuvenes
541 2759 798 2824 Antoninianos
822 2759 1075 2830 Herculaneos

352 2865 415 2927 His
439 2866 609 2929 absolutis
638 2866 906 2930 transcedamus
946 2867 991 2930 ad
1014 2867 1130 2947 ipsum
1154 2866 1341 2946 collegium

244 2971 419 3034 iuvenum.
470 2971 683 3059 „Instituitur
707 2972 752 3035 ad
776 2974 976 3053 exemplum
1000 2972 1187 3052 municipii,
1213 2989 1281 3053 qua
1305 2972 1341 3034 in
1365 3055 1368 3065 ,

244 3094 282 3138 re
307 3085 381 3140 tota
411 3095 533 3140 eorum
556 3087 682 3141 natura
706 3079 875 3141 conclusa
899 3088 962 3142 est.
1012 3078 1175 3141 Cernitur
1203 3096 1245 3141 ea
1269 3078 1340 3140 irni-

244 3181 329 3244 tatio
354 3180 389 3243 in
414 3182 757 3267 1616161156116611).ιι
796 3183 944 3247 Sodales
968 3202 1047 3247 sese
1065 3183 1255 3262 nominant,
1280 3183 1340 3263 qui

244 3287 393 3368 collegio
417 3288 584 3352 iuvenum
616 3290 784 3370 adscripti
808 3299 900 3353 sunt.
947 3291 1022 3353 Hos
1047 3290 1188 3354 sodales
1212 3300 1247 3353 et
1271 3308 1340 3353 ma·

244 3394 414 3474 gistratus
432 3394 572 3474 collegii
588 3395 656 3458 dici
672 3398 849 3475 populum,
875 3414 954 3459 cum
970 3397 1111 3460 sodales
1136 3396 1201 3458 soli
1225 3397 1340 3476 appel-

244 3501 360 3562 lentur
383 3501 493 3580 plebs,
519 3500 588 3563 alia
612 3501 762 3581 collegia
786 3502 978 3565 verisimile
1002 3502 1184 3583 1616111613).
1232 3502 1340 3565 Cuius

245 3607 375 3669 ordinis
409 3607 549 3670 sodales
582 3608 719 3687 fuerint,
748 3627 793 3670 ex
829 3609 938 3672 titulis
972 3627 1043 3672 non
1067 3617 1223 3689 apparet,
1244 3607 1340 3672 cum

245 3714 353 3776 multo
377 3714 489 3777 maior
512 3732 679 3777 numerus
701 3733 822 3778 eorum
846 3716 1112 3796 magistratibus
1136 3715 1181 3779 sit
1205 3716 1340 3780 dedica·

343 3963 427 4027 1)Ηὶ
453 3966 563 4015 iuvenes
590 3965 752 4029 Augustales
780 3982 834 4015 nou
863 3972 924 4015 sunt
950 3966 1130 4017 confundendi
1158 3982 1216 4016 cum
1244 3966 1342 4016 sodali·

245 4051 294 4100 bus
314 4051 514 4120 Augustalibus,
534 4055 568 4104 de
587 4055 683 4120 quibus
702 4071 726 4106 v.
746 4056 850 4104 Dessau
868 4055 896 4103 iu
916 4055 976 4120 eph.
995 4071 1036 4120 ep.
1054 4057 1096 4105 III
1116 4071 1159 4122 pg.
1180 4053 1240 4108 205.

344 4138 372 4207 2)
392 4141 421 4191 61.
441 4144 598 4208 Mommsen,
618 4144 652 4192 de
671 4142 733 4194 coll.
753 4150 779 4193 et
797 4144 855 4195 sod.
875 4159 918 4208 pg.
939 4142 999 4196 117.

343 4227 371 4292 3)
391 4230 423 4281 cf.
442 4230 725 4296 Liebenampg.182.
