3292 5067
769 1145 909 1220 Vita.

400 1425 512 1491 Natus
536 1442 614 1490 sum
630 1425 845 1489 Antonius
861 1424 988 1488 Floss
1013 1424 1204 1488 Rhenanus
1222 1422 1390 1486 Coloniae

173 1613 175 1618 ,
294 1539 607 1622 Agrippinensium
620 1558 651 1606 a.
663 1540 697 1606 h.
709 1558 736 1609 s,
748 1539 848 1603 LXV
864 1539 998 1602 mensis
1010 1537 1173 1602 Octobris
1190 1537 1245 1599 die
1255 1536 1392 1599 XXVII

293 1663 393 1735 patre
416 1654 582 1735 Antonio,
607 1654 719 1718 matre
737 1654 912 1718 Gertrude
937 1670 956 1716 e
981 1661 1086 1734 gente
1111 1652 1302 1731 Schueller,
1328 1629 1391 1731 qui

294 1769 369 1834 dira
392 1778 505 1833 morte
532 1768 615 1833 mihi
640 1768 752 1848 erepti
775 1775 867 1833 sunt.
913 1765 1037 1829 Fidem
1060 1766 1227 1846 profiteor
1251 1764 1393 1829 catholi-

296 1902 383 1948 cam.
425 1882 636 1946 Litterarum
660 1881 867 1945 rudimentis
891 1881 1084 1944 instructus
1108 1881 1143 1943 in
1167 1881 1392 1961 gymnasium

295 1997 687 2062 Friderico-Guilelmo
727 1996 926 2060 dedicatum
961 2004 1124 2075 receptus
1162 2011 1251 2060 sum.
1299 1992 1393 2056 Vere

295 2114 378 2176 anni
401 2112 603 2177 LXXXVII
633 2112 844 2175 maturitatis
869 2110 1107 2174 testimonium
1131 2109 1280 2189 adeptus
1304 2107 1392 2170 Bon-

295 2246 377 2292 nam
409 2228 494 2308 petii
528 2226 750 2307 philologieis
780 2226 906 2290 studiis
946 2241 1090 2304 operam
1124 2224 1280 2288 daturus.
1326 2221 1394 2284 Die

296 2342 345 2405 XI
369 2343 500 2405 mensis
523 2342 707 2405 Februarii
731 2341 812 2423 anni
837 2337 1054 2403 LXXXXllI
1078 2355 1227 2401 examen
1259 2355 1323 2417 pro
1347 2337 1393 2399 fa-

296 2458 427 2521 cultate
451 2456 599 2519 docendi
628 2455 793 2535 superavi
825 2464 860 2517 et
884 2453 940 2516 die
964 2452 1068 2517 XXX
1091 2452 1222 2514 mensis
1246 2451 1394 2515 Novem-

296 2571 369 2635 bris
394 2588 486 2634 anno
510 2568 730 2633 LXXXXVI
754 2569 788 2630 in
813 2568 1044 2631 universitate
1068 2568 1167 2647 regia
1184 2566 1395 2647 Erlangensi

297 2703 446 2748 examen
479 2683 573 2765 quod
606 2683 725 2746 dicunt
755 2683 966 2763 rigorosum.
1012 2679 1114 2744 Nunc
1143 2680 1178 2742 in
1207 2680 1394 2761 gymnasio

296 2796 440 2863 Urbano
465 2797 665 2861 Coloniensi
692 2797 854 2877 magistri
877 2813 1021 2859 munere
1045 2795 1183 2875 fungor.
1223 2794 1395 2859 Omnibus

296 2911 383 2978 viris
407 2911 630 2991 doctissimis,
655 2910 715 2991 qui
738 2928 793 2974 me
817 2911 853 2974 in
870 2910 995 2974 studiis
1014 2910 1236 2989 adiuverunt,
1261 2910 1395 2991 gratias

298 3046 367 3110 ago
391 3045 497 3108 quam
520 3026 703 3093 maximas
