3292 5067
765 408 942 467 ..32-

350 580 405 650 46.
428 581 547 648 Lucus
570 581 742 657 Feroniae
765 584 799 647 in
825 601 913 663 agro
939 582 1118 663 Capenate
1141 580 1203 663 (XI
1226 581 1340 664 3938).

413 704 459 772 Μ.
488 704 572 769 Silio
604 705 844 787 Epaphrodito
875 714 879 787 1
914 714 1062 786 patrono
1096 706 1251 769 sevirum
1282 704 1399 785 Aug}

307 811 476 892 magistro
496 812 662 876 iuvenum
685 813 812 876 iterum
854 819 859 893 1
899 813 1046 876 iuvenes
1070 811 1374 874 Lucoferonenses
1395 816 1398 891 1

307 926 455 996 patrono
491 918 535 980 ob
570 918 695 981 merita
725 924 729 999 1
759 918 853 999 quod
888 918 1207 1003 amp[h]itheatrum
1243 918 1307 982 col.
1338 914 1400 980 Iul.

307 1022 457 1108 Felici[s]
487 1029 492 1103 1
518 1022 680 1090 Lucofer.
705 1044 733 1091 s.
757 1041 790 1104 p.
815 1023 839 1091 f.
864 1024 1108 1104 dedicavitque
1137 1030 1142 1104 1
1169 1022 1191 1089 l.
1216 1022 1248 1087 d.
1274 1020 1364 1087 dd.
1393 1029 1397 1102 1

308 1129 493 1198 nain

533 1305 534 1308 Ἴ
596 1344 683 1427 Reg.
708 1346 743 1409 X
766 1346 915 1412 Venetia
938 1355 973 1409 et
996 1345 1109 1411 Istria.

300 1566 303 1573 ,
352 1483 408 1569 47.
431 1449 572 1552 Verona
596 1445 643 1590 (V.
662 1486 771 1566 3415).

417 1624 456 1704 Q.
483 1622 630 1687 Octavio
662 1634 666 1704 1
695 1624 736 1703 Q.
761 1624 782 1689 l.
810 1623 896 1689 Pob.
920 1623 1036 1686 Primo
1067 1629 1072 1704 1
1106 1623 1153 1688 VI
1184 1624 1261 1687 viro
1283 1623 1402 1705 Aug!

310 1748 380 1797 sac.
414 1730 530 1796 iuven.
562 1736 573 1810 1Ι
597 1729 745 1806 Octavia
777 1729 895 1809 Tigris
928 1738 999 1810 pat.
1030 1735 1034 1810 1
1065 1730 1205 1810 coniugi
1237 1730 1269 1796 b.
1300 1740 1405 1800 met

310 1837 377 1899 sibi
396 1841 399 1916 1
418 1854 452 1902 v.
477 1835 524 1917 fil

417 1942 595 2019 Quaerere
612 1941 772 2007 consului
795 1958 936 2021 semper
951 1958 1065 2022 neque
1081 1942 1230 2022 perdere
1254 1942 1382 2029 d[ona].
1399 1949 1403 2024 1

310 2066 402 2111 nunc
426 2047 470 2111 ab
495 2056 643 2129 utroque
668 2065 757 2111 vaco
787 2048 830 2110 de
855 2066 939 2111 casa
961 2048 1087 2132 pau[sa
1110 2049 1160 2133 re]
1181 2054 1184 2128 1
1204 2050 1325 2115 volvit.
1349 2050 1405 2112 hic

310 2172 389 2216 mea
413 2154 607 2234 composito
630 2154 856 2234 requiescunt
881 2127 976 2239 [ossa
1000 2155 1172 2239 sepulcra]
1193 2161 1197 2235 1
1217 2164 1251 2218 et
1267 2156 1368 2218 labor
1384 2175 1405 2218 a

183 2313 187 2320 .
311 2277 420 2340 puero
445 2260 504 2340 qui
526 2244 611 2323 mihi
634 2278 774 2340 semper
798 2269 884 2325 erat.
909 2278 1001 2323 nunc
1025 2262 1125 2324 labor
1154 2263 1267 2325 omnis
1292 2262 1404 2347 [adest

312 2368 431 2453 durus]
460 2373 464 2447 1
493 2384 668 2447 curaeque
692 2367 897 2452 molest[a]e‚
934 2385 1000 2429 nec
1030 2367 1103 2430 scio
1128 2368 1202 2448 quit
1230 2385 1315 2430 num
1338 2368 1406 2431 sim

312 2492 378 2537 nec
401 2474 475 2537 scio
500 2469 595 2559 qu[id
611 2471 758 2559 fuerim].
778 2479 782 2552 1
800 2473 918 2536 Parva
941 2484 1059 2537 tamen
1082 2484 1203 2536 nostro
1222 2482 1407 2537 remanent

313 2580 445 2643 solacia
467 2578 597 2644 factor
615 2580 738 2643 vivent
771 2580 830 2659 qui
859 2579 1027 2666 l[audant]
1048 2586 1079 2659 1,
1109 2581 1182 2643 vivi
1207 2581 1288 2661 quia
1313 2580 1407 2643 dona

313 2687 483 2767 fruuntur.
508 2686 618 2748 vivite
642 2685 762 2748 felices
787 2686 914 2765 quibus
938 2695 992 2748 est
1015 2686 1155 2749 fortuna
1180 2686 1336 2771 [relicta].

357 2849 412 2916 48.
436 2848 556 2911 Brixia
579 2849 624 2930 (V
650 2848 761 2931 4355).

420 2971 562 3035 Sextiae
582 2978 586 3053 1
605 2972 645 3038 T.
669 2972 715 3039 fil.
735 2979 739 3053 1
758 2972 903 3035 Asiniae
922 2923 1046 3036 Pollae
1071 2980 1075 3054 1
1103 2973 1149 3039 Μ.
1173 2973 1264 3048 Noni
1288 2973 1381 3039 Arri.
1401 2921 1418 3054 1.

314 3078 466 3142 Muciani
490 3080 604 3159 colleg
624 3084 627 3159 1
646 3080 813 3143 iuvenum
836 3080 979 3143 Brixian
998 3087 1003 3160 1
1022 3081 1066 3141 ob
1091 3081 1226 3147 merita.
1294 3101 1297 3105 ’

311 3198 315 3206 ’
359 3241 413 3310 49.
437 3242 557 3306 Brixia
581 3242 627 3326 (v
652 3244 760 3326 4416).

422 3366 603 3447 Collegial
628 3366 716 3433 fabr.
742 3376 776 3430 et
800 3376 890 3436 cent.
919 3374 924 3448 1
949 3368 987 3433 L.
1013 3367 1175 3431 Cornelio
1195 3375 1199 3447 1
1218 3369 1409 3434 Prosodico

314 3471 364 3535 VI
389 3473 453 3538 vir.
477 3471 571 3553 Aug.
595 3472 736 3536 Brixiae
761 3482 795 3536 et
818 3473 951 3540 Veron.
976 3475 1112 3541 sacerd.
1138 3480 1143 3556 1
1168 3475 1291 3557 colleg.
1316 3476 1409 3539 iuve-

316 3596 399 3658 num
422 3578 576 3646 Brixian.
597 3581 605 3660 1
632 3579 783 3676 primum
805 3580 974 3644 institutis
1003 3589 1007 3661 1
1035 3581 1079 3643 ob
1104 3581 1229 3645 merita
1253 3583 1329 3645 eius
1352 3583 1410 3646 ho·

315 3702 401 3748 nore
420 3690 427 3780 1
444 3693 628 3748 contentus
657 3685 872 3764 impendium
900 3686 1017 3755 remis.
1048 3692 1052 3766 1
1080 3685 1170 3748 datis
1205 3687 1240 3749 in
1264 3695 1327 3753 tut.
1351 3687 1410 3770 HS

316 3808 349 3856 n.
374 3788 418 3855 D.
691 3791 694 3797 ’

361 3954 414 4022 Μ.
439 3954 559 4019 Brixia
583 3955 628 4038 (v
652 3957 761 4039 44591.
828 3973 831 3980 ⁴

423 4076 471 4152 Μ.
494 4078 656 4148 ,Publicio
684 4086 689 4160 1
720 4080 764 4146 Μ.
795 4079 818 4148 f.
848 4079 934 4147 Fab.
960 4080 1080 4169 Sextio
1110 4086 1115 4160 1
1146 4033 1409 4161 Calpurniano}

317 4201 407 4265 equo
424 4185 563 4264 publico
583 4192 587 4265 1
605 4185 696 4256 flam.
722 4186 793 4249 divi
810 4186 871 4249 Iul.
892 4193 896 4267 1
915 4187 1024 4273 prael.
1049 4187 1150 4254 aedil.
1174 4195 1246 4267 pot.
1266 4194 1269 4268 1
1289 4206 1412 4267 quaes-
