3292 5067
758 428 937 485 -14..

300 607 443 688 piebant
477 615 512 670 et
546 607 724 687 sportulas
758 604 972 670 dividebant.
1019 601 1100 665 Duo
1135 609 1271 665 tantum
1306 598 1397 663 tituli

301 716 473 796 praebent
496 722 719 795 quaestores:
742 731 776 778 n.
800 712 821 774 2
846 721 881 775 et
904 730 938 776 n.
963 710 1016 776 72.

407 821 595 884 Praetores
610 820 646 882 in
669 819 765 882 nullo
782 819 932 897 collegio
953 817 1068 880 adhuc
1091 815 1285 878 innotuisse
1301 821 1397 893 puto,

301 927 370 990 nisi
392 927 428 989 in
450 927 618 989 iuvenum
628 930 663 1008 ¹).
710 925 770 989 Bis
803 932 1139 987 commemorantur:
1174 921 1397 1000 114211133-

302 1032 390 1095 toris
413 1031 579 1105 iuvenum
595 1030 853 1112 Nepesinorum
872 1028 1031 1092 eiusdem
1046 1027 1208 1108 magistri
1230 1028 1399 1089 iuvenum

303 1138 512 1220 mentio-fit3
536 1157 570 1205 n.
594 1139 636 1201 47
661 1138 826 1200 dedicant
849 1136 1004 1217 praetori
1027 1134 1220 1198 iuventutis
1244 1131 1399 1195 decurio-

303 1263 368 1309 nes
392 1253 427 1307 et
450 1245 668 1325 Augustales
692 1253 728 1308 et
751 1244 902 1323 populus
926 1241 1045 1308 Sutrii.
1093 1240 1163 1304 Sed
1187 1241 1231 1303 de
1255 1256 1399 1302 munere

302 1351 477 1432 praetoris
511 1350 596 1414 nihil
631 1369 676 1415 ex
711 1350 821 1414 titulis
857 1347 1056 1414 concludas
1110 1347 1276 1411 Ceterum
1310 1345 1401 1408 varii

303 1458 533 1537 magistratus
557 1457 786 1538 collegiorum
818 1473 890 1518 non
924 1454 1013 1517 tanti
1047 1453 1214 1516 momenti
1249 1470 1329 1514 esse
1352 1451 1402 1514 vi-

305 1564 442 1644 dentur,
466 1573 505 1627 ut
528 1563 564 1626 in
580 1579 792 1643 unoquoque
808 1577 1030 1641 quaeramus,
1055 1560 1181 1641 quibus
1197 1558 1402 1621 muneribus

305 1670 351 1733 sit
374 1670 525 1749 functus
550 1670 613 1732 sed
630 1688 675 1731 ex
698 1670 796 1732 nulla
819 1668 888 1730 alia
904 1685 1013 1730 causa
1033 1667 1145 1729 dictos
1163 1665 1239 1728 sive
1263 1672 1403 1727 creatos

306 1792 385 1838 esse
401 1784 496 1856 puto,
513 1776 581 1860 nisi
597 1775 691 1856 quod
707 1774 848 1837 sodales
865 1773 1162 1836 consociationem
1178 1789 1280 1835 suam
1296 1788 1402 1852 quam

306 1882 570 1945 accuratissime
594 1882 640 1944 ad
660 1882 860 1961 exemplum
892 1881 945 1943 rei
967 1879 1129 1960 publicae
1157 1878 1321 1941 ordinare
1344 1893 1403 1939 vo-

307 1988 438 2053 lebant.

413 2092 607 2156 Rarissime
641 2093 677 2155 in
706 2093 788 2159 aliis¹
808 2109 948 2174 quoque
973 2091 1133 2172 collegiis
1156 2089 1289 2154 aediles
1313 2105 1404 2151 com-

308 2209 548 2263 memorantur
558 2204 595 2282 2).
642 2200 839 2264 Titulorum
862 2208 936 2263 tres
959 2200 1091 2262 habent
1115 2198 1267 2263 aediles:
1302 2215 1335 2265 n.
1361 2195 1403 2257 76

308 2306 471 2370 Lauriaci
494 2306 544 2389 (in
566 2305 710 2392 Norico)
733 2305 802 2369 duo
827 2306 959 2369 aediles
982 2314 1105 2368 votum
1126 2306 1279 2384 solvunt,
1302 2321 1336 2369 11.
1365 2302 1402 2366 ll

309 2411 510 2474 Tusculano
533 2410 569 2473 in
585 2410 686 2473 titulo
709 2411 834 2476 aedilis
851 2411 957 2474 etiam
976 2419 1117 2474 curator
1141 2410 1314 2473 sodalium
1330 2407 1404 2473 suit.

415 2515 629 2596 Praefectos,
654 2517 714 2597 qui
737 2517 889 2598 exempli
910 2534 1019 2582 causa
1042 2517 1077 2579 in
1095 2516 1253 2595 collegiis
1270 2516 1405 2577 funera-

309 2623 400 2686 ticiis
423 2622 478 2685 bis
501 2631 638 2686 tantum
661 2624 887 2687 iuveniuntur
900 2627 937 2705 ³),
961 2623 1052 2687 tituli
1075 2623 1207 2686 habent
1231 2631 1301 2685 ter:
1326 2639 1360 2686 n.
1385 2622 1405 2682 5

309 2729 469 2808 Lanuvii,
493 2747 527 2795 n.
550 2730 589 2792 16
614 2728 767 2810 Capuae,
791 2749 826 2796 n.
846 2730 888 2792 72
912 2730 1128 2792 Poetovione
1152 2729 1201 2811 (in
1224 2728 1406 2791 Pannonia

311 2835 511 2917 Superiore)
537 2836 606 2898 duo
633 2836 803 2915 praefecti
836 2836 1009 2902 dicuntur.
1056 2836 1155 2915 Sunt,
1191 2835 1251 2916 qui
1283 2841 1407 2916 putent

310 2942 509 3024 praefectos
528 2958 668 3022 semper
684 2943 729 3005 ad
744 2943 931 3007 militarem
947 2943 1125 3025 quandam
1141 2942 1289 3004 formam
1306 2942 1407 3004 colle-

311 3049 450 3129 giorum
473 3057 644 3130 spectare,
669 3050 733 3113 sed
757 3067 801 3112 ex
817 3050 927 3112 titulis
950 3049 1036 3112 nihil
1061 3048 1232 3111 eiusmodi
1246 3049 1406 3127 elucet4).

417 3153 579 3235 Denique
596 3157 894 3220 commemorandi
918 3165 999 3219 sunt
1015 3155 1233 3235 decuriones,
1258 3155 1317 3235 qui
1334 3172 1407 3217 sae·

311 3263 391 3344 pius
414 3271 449 3325 et
472 3262 508 3325 in
532 3263 691 3343 collegiis
714 3263 842 3326 ceteris
874 3270 1041 3326 notantur
1053 3264 1078 3344 ⁵)
1113 3270 1148 3324 et
1180 3263 1217 3324 in
1249 3260 1408 3340 collegiis

412 3511 439 3577 1)
458 3513 491 3567 cf.
509 3513 655 3563 Liebenam
673 3529 715 3579 pg.
735 3511 796 3565 209.

412 3599 440 3664 2)
460 3601 494 3654 cf.
513 3601 655 3651 Liebenam
673 3616 718 3667 pg.
739 3599 800 3657 209.

413 3687 442 3754 3)
461 3688 493 3740 cf.
513 3687 626 3755 Schiess‚
646 3704 687 3755 pg.
708 3687 750 3741 52.

416 3776 444 3840 4)
462 3779 494 3828 ci.
514 3777 672 3844 Hirschfeld,
702 3779 773 3831 Gall.
800 3779 910 3829 Studien
928 3778 971 3827 111
998 3794 1040 3844 pg.
1060 3776 1113 3831 252
1142 3778 1202 3829 adn.
1229 3777 1260 3830 l:
1288 3776 1410 3843 praelecti

314 3863 487 3928 collegiorum
507 3866 567 3915 sind
585 3863 733 3933 iiberhaupt
760 3867 834 3916 nicht
850 3867 939 3931 hiufig
962 3868 1016 3917 und
1036 3868 1131 3916 (13111311
1149 3866 1222 3916 wohl
1240 3866 1412 3930 regelmissig

316 4045 368 4093 den
391 4043 467 4110 labri,
496 4044 598 4093 sodann
626 4044 672 4094 bei
700 4046 752 4094 den
775 4045 931 4109 centonarii,
958 4042 1148 4110 dendrophori,
1176 4049 1270 4092 nautae
1299 4043 1412 4093 Rhoda·

316 4134 370 4183 nici
388 4140 436 4185 etc.
498 4185 500 4189 Α

415 4221 443 4286 5)
462 4222 493 4273 cf.
511 4221 652 4271 Liebenam
670 4236 714 4288 pg.
735 4218 795 4274 192.
