3292 5067
690 433 867 497 ,19-

228 617 361 700 pietate
385 624 490 698 atque
514 615 725 678 liberalitate
760 614 901 677 sodales
933 613 969 675 in
1002 609 1189 693 collegium
1224 623 1333 675 suum*

231 723 360 787 suerint
392 730 611 802 quantasque
645 720 785 784 divitias
821 719 971 798 collegia
995 718 1177 799 possidere
1208 726 1327 798 potue-

231 830 344 912 rint1).
1421 813 1426 822 '

233 971 237 978 »
337 933 408 997 Sed
419 934 525 997 etiam
537 950 689 1014 magnae
701 932 882 1013 impensae
896 931 1121 1013 quin-fuerint
1134 930 1327 1009 faciendae,

231 1057 301 1101 non
325 1048 380 1102 est
404 1039 563 1102 dubium:
589 1057 693 1102 sacra
717 1047 817 1102 erant
837 1038 1082 1118 perpetranda,
1107 1045 1245 1099 statuae
1269 1036 1328 1098 ho·

230 1144 396 1208 notificate
421 1145 622 1224 erigendae,
646 1143 806 1207 aedificia
830 1143 1046 1207 exstruenda
1070 1141 1327 1205 conservanda-

230 1268 310 1331 que,
335 1251 458 1314 diebus
482 1250 582 1313 iestis
606 1252 709 1330 epula
730 1250 899 1330 paranda,
922 1248 1130 1312 funeraticia
1146 1247 1327 1313 solvenda.

231 1355 301 1420 Sed
325 1355 369 1418 de
392 1355 448 1419 his
464 1357 626 1420 omnibus
649 1357 756 1420 rebus
773 1365 909 1418 certum
933 1354 1125 1436 quidquam
1147 1372 1194 1416 ex
1218 1354 1328 1419 titulis

230 1461 362 1526 nostris
387 1463 548 1527 conicere
572 1463 768 1543 nequimus

338 1567 497 1649 Collegia
517 1569 775 1633 conveniebant
798 1568 834 1630 in
851 1567 993 1630 domum
1017 1582 1127 1646 suam,
1152 1584 1258 1646 quam
1281 1567 1328 1629 in·

231 1691 340 1737 venes
375 1678 545 1756 templum
577 1676 654 1737 sive
694 1673 819 1737 aedem
854 1673 1090 1753 appellavisse
1120 1672 1329 1755 videntur2).

234 1778 417 1845 Exornare
442 1782 605 1844 solebant
636 1780 702 1843 has
736 1779 861 1842 domus
895 1779 1021 1842 statuis
1054 1779 1199 1842 deorum
1223 1788 1328 1861 atque

227 1885 410 1950 bominum
445 1887 535 1950 bene
570 1886 775 1950 meritorum
811 1887 855 1949 de
890 1886 1040 1965 collegio
1050 1889 1087 1966 8).
1138 1885 1191 1948 Ibi
1226 1887 1330 1967 epula

231 1991 361 2055 fiebant
385 2000 490 2073 atque
522 2008 729 2059 conventus,
777 1991 832 2054 De
864 1992 907 2054 iis
941 2008 1031 2071 quae
1064 1992 1261 2071 agebantur
1293 1994 1329 2056 in

231 2098 464 2161 conventibus
481 2115 561 2162 eum
577 2117 622 2162 ex
638 2099 747 2162 titulis
764 2098 850 2160 nihil
867 2099 1014 2176 eluceat,
1036 2098 1123 2160 satis
1147 2107 1201 2160 est
1217 2100 1329 2163 verba

231 2202 321 2282 legis
344 2202 482 2267 Dianae
517 2214 553 2268 et
583 2203 728 2267 Antinoi
762 2203 968 2284 protulisse:
1005 2203 1089 2265 item
1123 2204 1264 2284 placuit,
1299 2206 1329 2268 si

232 2311 310 2386 quis
349 2309 433 2388 quid
472 2311 572 2391 queri
606 2320 666 2373 aut
704 2309 838 2372 referre
855 2310 961 2391 volet,
997 2309 1033 2371 in
1068 2318 1244 2372 conventu
1279 2328 1329 2373 re-

230 2414 329 2495 ferat,
369 2424 407 2477 ut
440 2417 548 2498 quieti
581 2426 616 2480 et
647 2416 779 2479 hilares
812 2416 936 2478 diebus
970 2414 1185 2477 solemnibus
1214 2417 1330 2496 epule-

231 2523 352 2604 mur4).

199 2615 204 2626 ⁸
338 2627 393 2692 De
418 2630 472 2693 dis
505 2631 709 2711 deabusque
741 2629 900 2711 patronis
932 2628 1098 2690 iuvenum
1131 2645 1245 2708 pauca
1278 2646 1329 2693 se-

232 2744 393 2816 quantur.
440 2723 712 2819 Nonnumquam
745 2736 895 2817 collegia
928 2736 1094 2800 iuvenum
1127 2754 1149 2797 a
1173 2735 1226 2799 dis
1248 2737 1329 2799 dea·

231 2843 344 2904 busve
368 2843 444 2905 sive
468 2844 739 2925 imperatoribus
764 2861 844 2907 sese
862 2841 1109 2905 denominasse
1132 2858 1240 2920 supra
1259 2843 1329 2905 iam

231 2947 394 3014 vidimus.
441 2950 541 3028 Quae
568 2959 607 3013 ut
636 2951 759 3030 paucis
789 2950 1013 3028 complectar,
1049 2947 1220 3028 imprimis
1243 2948 1329 3012 Her-

232 3052 329 3114 cules
352 3062 521 3133 patronus
537 3057 705 3119 iuvenum
723 3055 833 3119 fuisse
853 3055 1003 3135 videtur,
1026 3054 1062 3116 id
1086 3054 1180 3135 quod
1204 3057 1329 3121 miran-

233 3158 316 3221 dum
338 3177 409 3223 non
424 3173 519 3241 puto,
544 3181 624 3226 cum
648 3164 705 3226 ille
723 3164 813 3227 sicut
830 3180 932 3226 nemo
950 3162 1037 3225 deus
1053 3161 1213 3242 virtutes,
1238 3181 1329 3243 quae

232 3266 379 3328 invenes
408 3277 544 3348 omant,
577 3269 792 3350 praebuerit,
824 3270 942 3348 itaque
976 3266 1163 3330 iuvenibus
1196 3270 1329 3349 optimo

234 3372 309 3434 iure
333 3374 451 3435 lumen
474 3374 657 3453 praetendi
684 3375 840 3456 possit5).
887 3373 978 3436 Tum
1010 3391 1032 3435 a
1053 3371 1170 3437 Diana
1201 3392 1240 3437 se
1273 3377 1330 3439 de·

231 3481 412 3543 nominant
436 3490 470 3543 et
495 3500 517 3544 a
540 3482 691 3546 diversis
720 3481 999 3563 imperatoribus.
1047 3479 1218 3545 Undecim
1243 3502 1328 3547 vero

232 3609 445 3618 ——-———---.

332 3687 359 3753 1)
377 3689 409 3739 cs.
429 3689 575 3738 Liebenam
594 3704 638 3756 pg,
656 3687 718 3742 250.
1163 3729 1166 3732 Δ

331 3775 359 3844 2)
377 3779 409 3830 ci.
427 3792 472 3828 nn.
492 3776 516 3843 1,
545 3776 588 3844 62,
613 3778 664 3828 alia
682 3776 791 3841 collegia
809 3775 1010 3842 appellaverunt
1028 3776 1143 3827 scholam
1166 3779 1222 3829 sive
1240 3779 1329 3829 basili·

233 3876 289 3911 eam
309 3864 342 3915 ef.
360 3866 506 3915 Liebenam
525 3881 567 3930 pg.
587 3863 647 3918 275.

331 3951 358 4016 3)
376 3955 409 4006 cs.
427 3969 454 4006 n.
474 3953 488 4005 1
509 3961 535 4003 et
553 3954 658 4004 Schiess
677 3969 721 4020 pg.
741 3952 774 4006 tt
795 3969 854 4018 sqq.

331 4036 359 4101 4)
379 4041 412 4092 cf.
432 4041 462 4093 C.
480 4043 501 4093 1.
520 4042 551 4094 L.
571 4042 642 4092 XIV
661 4059 687 4094 n.
706 4039 778 4093 2112
789 4062 821 4086 =
833 4043 946 4091 Henzen
965 4056 989 4093 n.
1009 4039 1088 4094 6086.

331 4124 360 4192 5)
379 4128 420 4176 Ita
430 4129 579 4179 Mercurius
598 4137 724 4195 patronus
744 4136 914 4182 mercatorum
933 4131 988 4196 luit,
1007 4131 1193 4183 cs.Liebenam
1213 4145 1256 4194 pg.
1267 4128 1329 4197 291,

232 4213 383 4281 Asclepius,
404 4215 489 4281 Hygia
508 4217 677 4269 medicorum.
