3292 5067
705 433 883 491 ..15-

244 610 421 677 iuvenum.
445 610 647 674 Verisimile
672 610 812 687 videtur
837 627 939 674 suum
963 627 1138 690 quamque
1162 609 1343 674 decuriam

219 770 224 777 .
245 734 388 781 creasse
417 718 652 783 decurionem.
699 716 737 781 Si
761 716 974 780 conferimus
1003 716 1210 780 decuriones
1228 718 1343 794 „colle-

245 823 383 903 giorum
412 839 492 886 cum
522 823 769 886 decurionibus
793 822 1062 903 municipiorum
1084 830 1183 902 putet
1207 822 1343 903 aliquis,
1453 893 1459 902 ,

246 928 351 992 etiam
375 929 604 1010 collegiorum
638 930 846 992 decuriones
874 929 910 991 in
939 936 1147 1009 perpetuum
1172 928 1249 1007 dici,
1280 927 1344 991 sed

245 1035 335 1097 tituli
364 1045 455 1116 sunt,
491 1036 527 1098 in
562 1036 690 1116 quibus
724 1035 890 1098 traditur:
927 1034 1070 1099 decurio
1104 1034 1232 1108 iterum
1267 1034 1343 1097 sive

244 1141 299 1203 bis
314 1141 349 1228 l).
396 1140 490 1204 Nihil
514 1149 633 1203 autem
656 1150 711 1204 est
735 1158 875 1226 causae,
904 1157 967 1203 cur
991 1150 1154 1221 putemus
1178 1140 1272 1221 apud
1295 1140 1344 1203 in·

244 1264 355 1311 venes
378 1263 454 1308 rem
477 1246 579 1309 aliter
603 1263 683 1308 sese
706 1246 884 1315 habuisse.
932 1247 1034 1326 Quod
1057 1247 1182 1310 attinet
1204 1247 1249 1309 ad
1272 1263 1344 1308 mu-

244 1371 312 1417 nus
336 1352 574 1433 decurionum,
609 1352 694 1416 dant
717 1354 834 1417 locum
858 1353 903 1416 ad
927 1354 1134 1417 statuendos
1157 1354 1193 1416 in
1216 1370 1344 1416 memo-

244 1460 335 1523 riam
358 1467 574 1523 mortuorum
597 1460 719 1540 cippos
735 1461 812 1523 sive
837 1476 939 1540 aras;
964 1458 1114 1522 formula
1136 1459 1267 1522 usitata
1291 1466 1346 1521 est

245 1564 344 1629 L·D
360 1560 414 1629 ¹'D
429 1605 435 1615 ·
450 1565 484 1629 D
508 1566 529 1634 i.
554 1584 584 1633 e.
609 1568 687 1630 loco
721 1566 803 1630 dato
838 1565 981 1629 decreto
1015 1564 1244 1628 decurionum
1267 1565 1344 1629 sive

245 1673 346 1736 loeus
370 1681 435 1736 etc.
452 1676 488 1755 2).

353 1777 449 1842 Εωη
469 1778 506 1841 iu
537 1778 696 1858 collegiis
728 1779 896 1842 iuvenum
928 1778 1158 1859 magistratus
1189 1777 1344 1841 innotue-

244 1885 324 1965 rint,
360 1901 449 1966 quos
473 1884 557 1947 alibi
580 1901 652 1947 non
674 1884 884 1962 iuvenimuS,
924 1885 1061 1947 scribas
1088 1885 1255 1963 viatores,
1289 1883 1345 1945 de-

245 1990 405 2054 fensores
422 1998 561 2053 actores
577 1990 735 2070 aliosque
748 1993 772 2073 8)
797 1989 929 2055 frustra
946 1991 1147 2072 quaerimus
1162 1990 1198 2053 in
1214 1990 1345 2053 nostris
1425 1978 1427 1983 ’

247 2098 368 2163 titulis,

354 2202 486 2267 Omnes
510 2204 750 2285 magistratus,
775 2222 865 2285 quos
888 2205 1052 2284 tractavi,
1081 2204 1244 2268 dicuntur
1267 2221 1345 2284 gra·

247 2310 313 2374 dus
337 2311 486 2390 collegii,
511 2311 667 2373 infimum
692 2319 810 2374 autem
834 2311 984 2392 gradum
1008 2310 1159 2392 sodales,
1190 2311 1249 2391 qui
1272 2328 1345 2374 mu-

246 2435 332 2480 nere
356 2435 427 2480 non
450 2416 655 2496 funguntur,
680 2416 834 2480 efficiunt
843 2420 879 2500 4).

352 2522 487 2602 Restat,
511 2530 550 2585 ut
566 2521 610 2585 de
626 2523 784 2603 patronis
801 2523 970 2601 dicamus,
994 2523 1054 2603 qui
1069 2523 1213 2586 honoris
1237 2535 1346 2586 causa

245 2630 281 2693 in
298 2630 448 2710 collegia
463 2629 735 2709 recipiebantur.
771 2629 948 2711 Cooptant
959 2632 985 2712 ὁ)
1011 2630 1161 2710 collegia
1176 2637 1345 2710 patronos

151 2729 153 2740 ’
247 2754 320 2818 eos,
346 2736 405 2816 qui
429 2736 599 2816 dignitate
616 2738 794 2800 excellunt
822 2746 928 2817 atque
945 2735 1075 2799 divitiis
1099 2735 1172 2798 suis
1196 2736 1346 2815 collegio

246 2843 415 2907 utilitates
451 2842 602 2906 afferunt
613 2846 650 2925 6).
705 2842 841 2906 Decem
876 2842 967 2906 tituli
1001 2842 1159 2922 patronis
1195 2841 1346 2905 dedicati

247 2958 329 3012 sunt
342 2952 378 3031 7).
425 2948 578 3012 Summis
602 2950 638 3012 in
669 2967 708 3013 re
742 2950 883 3030 publica
916 2950 1120 3012 muneribus
1152 2948 1346 3028 funguntur

247 3055 485 3136 senatoriique
509 3059 568 3121 vel
592 3058 766 3137 equestris
791 3057 924 3120 ordinis
948 3066 1045 3139 sunt;
1082 3056 1287 3120 duumviros
1311 3067 1346 3121 et

248 3161 512 3242 quattuorviros
546 3163 718 3227 habemus
754 3165 790 3227 in
821 3163 931 3227 titulis
965 3182 1024 3229 nn.
1049 3163 1079 3242 2,
1117 3164 1166 3243 16,
1206 3164 1256 3243 17,
1291 3165 1344 3244 59,

347 3342 373 3407 1)
393 3343 426 3394 cf.
446 3342 549 3393 Schiess
567 3360 614 3410 pg.
633 3342 668 3397 62
688 3360 746 3411 sqq.

346 3430 374 3499 2)
392 3432 423 3484 cf.
443 3447 486 3483 un.
507 3430 549 3498 10,
569 3431 611 3499 16,
632 3431 675 3500 17,
693 3431 737 3499 35,
757 3432 800 3501 39,
818 3430 863 3499 41,
883 3432 919 3486 46
936 3433 1064 3485 ctetiam
1083 3431 1167 3501 n.50;
1186 3449 1212 3486 n.
1224 3430 1258 3486 18
1276 3434 1346 3498 cogi·

247 3521 354 3571 tandum
374 3527 415 3570 est
432 3521 463 3571 de
482 3519 667 3571 decurionibus
686 3522 820 3589 municipii
840 3523 986 3585 Anagniae.

346 3607 374 3675 3)
394 3609 427 3661 cs.
446 3609 589 3659 Liebenam
608 3625 652 3676 pg.
672 3608 723 3663 211
744 3627 802 3677 sqq.

346 3693 374 3761 4)
393 3697 423 3749 cs.
446 3696 530 3747 Orelli
548 3714 574 3750 n.
593 3696 672 3751 4075.

346 3783 374 3853 5)
395 3783 551 3853 „cooptare“
582 3788 659 3836 etiam
687 3789 755 3853 apud
783 3793 906 3853 patronos
935 3788 1135 3854 municipiorum
1164 3795 1238 3841 term.
1257 3788 1345 3840 techn.

249 3875 289 3918 est
316 3871 349 3923 cf.
379 3873 498 3940 Philippi
526 3875 554 3924 in
584 3874 685 3927 Rhein.
713 3877 783 3928 Mus.
804 3877 872 3925 VIII
899 3892 943 3940 pg.
961 3874 1023 3930 499.
1060 3878 1147 3927 Etiam
1176 3884 1346 3944 patronorum

249 3956 318 4006 tituli
338 3960 495 4012 documento
515 3977 574 4012 esse
597 3969 709 4029 possunt
727 3964 841 4026 collegia
864 3965 897 4014 ad
918 3966 1064 4031 exemplum
1089 3967 1127 4017 rei
1146 3966 1269 4032 publicae
1288 3980 1346 4016 sese

250 4046 418 4097 constituisse
437 4050 470 4101 cf.
489 4051 555 4103 ibid.
574 4067 618 4116 pg.
637 4049 699 4105 512.

349 4133 377 4200 6)
397 4136 430 4188 cf.
449 4138 591 4191 Liebenam
609 4155 653 4205 pg.
672 4139 733 4194 212.

349 4223 377 4292 7)
396 4226 429 4277 ci.
448 4226 541 4277 titulos
560 4244 604 4280 nn.
623 4227 649 4295 2,
669 4227 694 4297 6,
714 4228 755 4297 16,
776 4229 819 4297 17,
840 4228 882 4298 19,
902 4229 944 4298 23,
964 4230 1006 4299 28,
1026 4230 1069 4298 46,
1089 4229 1131 4299 52,
1151 4231 1194 4285 59.
