3292 5067
762 444 939 499 ..10-

304 624 362 678 tus
386 616 574 698 albumque
606 634 678 680 non
702 625 894 683 servatum.
933 616 1004 708 Sed
1028 635 1153 681 servos
1185 618 1221 680 in
1249 617 1401 698 collegia

208 751 210 755 ·
304 723 471 785 iuvenum
494 723 669 786 admissos
694 741 772 786 esse
796 723 921 803 negari
950 741 1056 803 posse
1079 733 1173 804 puto,
1221 723 1276 787 De
1299 724 1400 787 titulo

305 828 350 893 M.
375 827 499 893 Aureli
522 830 615 910 Aug.
640 829 756 893 liberti
779 829 877 909 Agili
900 829 1105 909 pantomimi
1128 835 1175 911 (n.
1198 832 1242 912 4),
1271 831 1330 911 qui
1354 831 1402 893 di-

306 935 395 999 citur
418 936 577 999 adlectus
601 954 680 999 esse
704 937 795 999 inter
818 936 976 1016 iuvenes
1001 954 1072 999 non
1090 954 1170 1000 cum
1185 937 1401 1001 Liebenamo

305 1042 498 1126 consentio,
534 1043 594 1123 qui
625 1051 726 1124 putat
758 1060 848 1105 voce
881 1042 941 1105 illa
972 1041 1178 1129 „adlegere“
1210 1044 1402 1124 significari

305 1148 391 1211 nihil
413 1148 481 1211 uisi
502 1149 741 1229 receptionem
756 1150 792 1211 in
808 1149 997 1229 collegium
1011 1153 1044 1226 1).
1091 1149 1263 1230 Equidem
1281 1150 1401 1213 verisi-

305 1253 385 1316 mile
403 1254 564 1317 existimo
576 1254 829 1334 pantomimum
844 1254 941 1317 illum
956 1254 1031 1341 „sui
1047 1255 1214 1334 temporis
1230 1253 1400 1336 primum“

305 1360 447 1423 honoris
472 1352 580 1423 causa
615 1370 650 1424 et
677 1370 716 1423 ut
745 1360 950 1440 imperatori
978 1369 1118 1439 gratum
1141 1360 1308 1440 facerent,
1344 1361 1401 1424 ad-

305 1467 436 1547 legisse
459 1467 621 1548 iuvenes;
655 1467 912 1531 nobilissimum
936 1468 1029 1530 enim
1052 1467 1168 1530 virum
1191 1467 1300 1531 fuisse
1324 1469 1402 1533 titu-

305 1574 360 1637 lus
384 1573 504 1660 tradit;
528 1582 713 1653 practerea
736 1591 798 1637 eos
819 1591 984 1653 sperasse
1002 1569 1087 1654 puto
1111 1573 1186 1635 fore
1209 1574 1299 1637 utin
1323 1593 1402 1637 con-

305 1680 410 1744 viviis
435 1681 575 1761 collegii
599 1681 859 1744 delectarentur
884 1680 959 1743 eius
984 1690 1069 1743 arte.

412 1786 528 1850 Etiam
551 1787 716 1850 mulieres
751 1787 786 1849 in
820 1787 970 1867 collegia
1005 1786 1173 1850 iuvenum
1207 1787 1316 1867 recipi
1344 1805 1402 1866 po·

306 1893 416 1956 tuisse
439 1903 587 1973 apparet
611 1912 656 1956 ex
679 1894 789 1957 titulis
813 1911 871 1959 nn.
896 1895 927 1972 9,
955 1893 1004 1973 10,
1029 1894 1082 1958 31.
1130 1894 1229 1973 Quae
1254 1894 1335 1974 quid
1366 1894 1402 1957 in

306 1998 455 2079 collegio
479 2000 667 2081 voluerint,
701 2000 816 2063 adhuc
840 2001 1030 2062 obscurum
1062 1999 1147 2062 mihi
1176 2010 1230 2063 est
1242 1983 1279 2082 1).
1325 1999 1403 2062 Hoc

306 2122 445 2186 quoque
469 2114 592 2170 notatu
616 2106 761 2186 dignum
785 2115 840 2169 est
856 2106 1020 2169 mulieres
1045 2106 1080 2168 in
1103 2107 1284 2187 proprium
1301 2107 1402 2170 colle-

306 2211 403 2291 gium
438 2213 562 2291 coisse,
597 2212 633 2275 id
668 2212 761 2292 quod
797 2231 841 2274 ex
876 2212 977 2276 titulo
1011 2230 1045 2278 n.
1070 2213 1113 2276 58
1146 2214 1276 2296 clucet3
1320 2213 1401 2276 illae

307 2317 484 2396 appellant
508 2335 587 2380 sese
612 2318 784 2402 „iuvenae
809 2318 1124 2400 Corogennatesq.

414 2423 560 2487 Sodales
585 2425 675 2488 sicut
698 2424 796 2503 alioS,
826 2425 905 2488 dico
930 2425 1061 2504 fabros,
1096 2425 1132 2487 in
1164 2424 1326 2488 decurias
1355 2425 1403 2487 di·

306 2530 403 2593 visos
442 2549 521 2594 esse
560 2532 749 2595 ostendunt
788 2532 879 2596 tituli
922 2549 980 2598 nn.
1009 2533 1036 2610 1,
1075 2532 1125 2616 10,
1171 2532 1221 2609 16,
1262 2531 1312 2611 17,
1348 2532 1402 2609 39,

307 2636 359 2716 41,
384 2637 436 2704 42.
485 2637 555 2701 Sed
579 2638 609 2701 si
632 2638 800 2718 colligere
824 2638 906 2702 lieet
930 2656 975 2700 ex
1004 2638 1082 2701 aliis
1106 2638 1275 2718 collegiis
1313 2655 1402 2718 opus

306 2761 375 2806 non
400 2753 486 2823 erat,
510 2752 549 2807 ut
572 2744 676 2825 quini·
691 2745 832 2807 sodales
851 2744 1010 2824 singulas
1035 2745 1197 2807 decurias
1214 2744 1401 2810 efficerent.

305 2848 439 2912 Rornae
463 2849 604 2930 quidem
627 2850 771 2913 decuria
794 2851 931 2914 decima
955 2850 1095 2930 collegii
1118 2851 1257 2913 fabrum
1281 2860 1316 2913 et
1339 2851 1402 2930 tig-

305 2955 484 3019 nariorum
508 2974 552 3019 ex
570 2956 694 3037 viginti
718 2956 855 3020 duobus
871 2957 1051 3021 sodalibus
1068 2957 1298 3038 constabat4),
1323 2974 1402 3020 cum

306 3071 431 3143 quarta
465 3062 607 3126 decuria
636 3063 794 3132 sodalicii
817 3063 952 3127 Silvani
975 3062 1109 3127 Romae
1145 3062 1234 3126 duos
1262 3063 1403 3126 sodales

306 3170 453 3233 haberet
466 3171 489 3236 ⁵.

413 3275 528 3339 Nihilo
553 3276 667 3356 magis
691 3294 755 3357 pro
779 3285 876 3339 certo
901 3276 969 3339 dici
992 3284 1119 3356 potest,
1153 3284 1237 3356 quot
1261 3275 1403 3339 sodales

307 3380 342 3442 in
375 3380 522 3460 singulis
558 3381 716 3461 collegiis
747 3381 886 3458 luerint,
922 3382 1085 3462 quoniam
1116 3382 1235 3445 album
1264 3381 1404 3462 collegii

307 3487 474 3551 iuvenum
490 3495 671 3550 servatum
687 3505 758 3550 non
781 3505 862 3551 esse
885 3488 956 3551 iam
979 3505 1087 3569 supra
1103 3487 1265 3553 diximus.
1301 3486 1404 3567 Quod

308 3602 425 3657 autem
441 3593 565 3657 attinet
589 3594 634 3656 ad
650 3602 769 3658 cetera
788 3595 947 3675 collegia,
972 3594 1105 3658 Plinius
1125 3611 1308 3657 numerum
1326 3610 1403 3656 cen-

308 3708 382 3763 tum
417 3700 671 3780 quinquaginta
706 3700 879 3765 sodalium
908 3701 1048 3781 collegii
1071 3700 1210 3764 fabrum
1244 3700 1281 3762 in
1304 3699 1404 3764 Nico·

415 3878 442 3944 1)
460 3881 492 3933 cs.
512 3881 653 3931 Liebenam
673 3897 716 3947 pg.
736 3881 790 3935 170
808 3884 868 3934 adn.
888 3881 913 3934 2.

415 3968 442 4032 2)
462 3970 494 4021 cf.
515 3968 592 4019 etiam
610 3969 753 4019 Liebenam
772 3985 814 4035 pg.
837 3968 889 4023 173
909 3986 966 4036 sqq.

416 4057 443 4113 31
463 4059 497 4109 cf.
517 4057 546 4110 C.
565 4058 587 4109 1.
606 4060 637 4109 L.
657 4060 683 4107 V
703 4073 746 4123 pg.
766 4056 828 4111 635.

414 4146 443 4213 4)
463 4147 494 4197 cl.
514 4147 544 4197 C.
564 4147 585 4197 I.
604 4147 634 4197 L.
654 4147 694 4195 VI
712 4162 737 4196 n.
758 4144 837 4198 9405.

417 4233 444 4302 5)
464 4235 494 4288 cs.
517 4235 557 4285 VI
575 4251 601 4286 n.
621 4232 770 4289 632—633.
