3292 5067
695 446 873 499 -23-

236 618 401 705 corruuit,
426 625 543 680 tamen
567 635 631 697 pro
656 626 753 680 certo
778 617 847 680 dici
870 635 940 680 non
960 627 1090 697 potest,
1119 619 1259 699 quando
1283 618 1331 681 in-¹

238 725 360 788 stituta
383 725 452 788 sint
476 725 626 805 collegia
649 725 825 806 iuvenum,
850 726 1059 806 praesertim
1084 743 1164 790 cum
1187 728 1330 807 scripto-

237 848 295 894 res
323 831 457 911 antiqui
480 831 566 894 nihil
590 832 780 895 memoriae
804 832 1022 913 tradiderint,
1047 832 1140 913 quod
1163 832 1232 895 huc
1255 850 1328 913 per·

237 936 354 1002 tineat.

343 1111 466 1174 Finem
490 1112 590 1179 facio.
639 1114 861 1192 Quamquam
890 1131 961 1175 non
984 1113 1108 1193 ignoro
1135 1131 1196 1176 eas
1228 1131 1330 1194 quae-

235 1218 378 1297 stiones,
404 1235 492 1299 quas
510 1219 554 1282 ad
572 1229 768 1283 extremum
783 1220 894 1300 attigi,
917 1238 988 1282 non
1012 1220 1099 1283 satis
1124 1238 1179 1282 me
1203 1222 1329 1284 exami-

236 1343 351 1405 nasse,
377 1335 495 1388 tamen
515 1327 621 1389 credo
640 1328 772 1389 nullum
792 1328 931 1390 titulum
948 1327 1017 1389 huc
1039 1336 1258 1406 spectantem
1273 1345 1329 1391 me

235 1432 461 1512 praeterisse;
487 1442 592 1513 atque
618 1451 761 1513 operam
785 1433 926 1512 navari,
953 1441 1000 1511 ut,
1026 1450 1268 1514 quaecumque
1284 1452 1329 1497 ex

235 1539 344 1602 titulis
368 1540 523 1604 collectis
549 1540 709 1602 conicere
733 1540 823 1619 licet,
848 1557 1017 1605 eruerem.

662 1720 903 1730 ---«.-·—--—

341 1845 542 1925 Sequuntur
566 1846 656 1909 tituli
680 1845 873 1908 secundum
897 1846 1060 1927 regiones
1085 1844 1244 1910 ordinati.

696 2065 722 2123 1.
748 2061 861 2124 Italia.

436 2227 437 2230 ¹
501 2196 613 2277 Regio
637 2196 652 2259 Ι
676 2170 825 2278 Latium,
851 2197 1054 2278 Campania.

279 2334 310 2401 l.
335 2326 446 2399 Roma
470 2335 522 2418 (C.
539 2334 563 2397 l.
581 2335 620 2401 L.
637 2334 687 2398 Vl
705 2335 771 2418 26).

338 2460 469 2524 Fabius
486 2459 687 2522 Demetrius
712 2468 746 2522 et
763 2460 925 2524 Caeciius
945 2468 949 2542 l
967 2463 1091 2525 Philon
1107 2463 1231 2526 aedem
1248 2481 1328 2526 cum

234 2567 349 2647 sigillo
370 2574 373 2648 l
395 2566 567 2646 Apollinis
589 2566 777 2629 iuvenibus
802 2566 946 2631 Oeciani
971 2569 1002 2635 d.
1017 2569 1049 2636 d.
1074 2570 1106 2634 d.
1121 2570 1151 2636 d.

276 2704 669 2789 amfflm

339 2829 402 2895 Cn.
420 2829 540 2892 Sentio
565 2828 627 2895 Cn.
645 2829 691 2895 fil.
711 2836 715 2909 1
735 2830 797 2895 Cn.
821 2849 855 2896 n.
879 2830 959 2893 Ter.
979 2831 1090 2894 Felici
1109 2840 1113 2913 Ι
1132 2833 1207 2899 dec.
1233 2834 1326 2897 decr.

233 2935 391 3000 aedilicio
416 2936 483 2998 adl.
510 2936 541 3000 d.
560 2935 591 3001 d.
610 2935 642 3000 d.
659 2935 726 3000 adl.
758 2942 762 3015 1
793 2955 825 3016 q.
851 2955 882 3002 a.
907 2936 1061 3021 Ostiens,
1085 2937 1116 3001 ΙΙ
1132 2939 1197 3005 vir.
1222 2957 1255 3019 q.
1280 2940 1327 3003 iu-

231 3058 360 3103 venum
381 3047 385 3120 1
404 3043 460 3104 hic
476 3044 609 3121 primus
626 3044 780 3106 omnium
804 3061 873 3124 quo
898 3062 989 3106 anno
1014 3045 1089 3110 dec.
1109 3045 1177 3110 adl.
1195 3054 1249 3108 est
1270 3053 1324 3126 etl

233 3164 264 3224 q.
290 3164 320 3210 a.
350 3146 431 3214 fact.
462 3157 515 3211 est
544 3157 579 3211 et
607 3149 642 3211 in
669 3149 816 3228 proxim.
843 3167 973 3212 annum
1007 3149 1037 3212 ΙΙ
1061 3150 1126 3216 vir.
1151 3151 1325 3231 designat.

142 3313 145 3316 ,
232 3261 286 3323 est
305 3259 308 3333 ι
329 3253 445 3334 quinq.
463 3264 664 3318 curatorum
688 3255 841 3319 navium.
859 3256 1022 3322 marinas.
1040 3257 1152 3336 gratis
1177 3257 1324 3340 adlectl

232 3359 321 3421 inter
356 3359 549 3425 naviculas.
582 3361 690 3425 maris
719 3360 913 3424 Hadriatici
948 3371 982 3424 et
1003 3353 1060 3424 'ad
1093 3364 1324 3445 quadrigami

230 3465 296 3529 fori
331 3466 445 3529 vinari
486 3478 635 3545 patrono
676 3468 840 3531 decuriae
881 3469 1026 3535 scribar.
1063 3471 1226 3537 cerarior.
1258 3477 1262 3550 l
1293 3481 1327 3535 et

230 3612 443 3620 -..-----ιᾅώμ

338 3700 434 3748 Vibius
453 3699 587 3749 Adrianus
607 3701 640 3751 V.
659 3700 675 3752 f.
696 3715 774 3764 quam
793 3700 929 3764 pecuniam

390 3787 519 3837 iuventuti
537 3788 711 3853 Pompeianae
730 3795 798 3838 testa

391 3882 480 3925 mento
499 3876 581 3942 dedit,
603 3893 634 3926 ea
652 3877 762 3941 pecunia

337 3965 430 4014 Vibius
450 3965 573 4015 Vinicius
592 3968 682 4015 Marae
701 3967 718 4017 f.
741 3973 864 4031 quaestor
882 3968 977 4032 Pomp.

391 4053 481 4101 eianus
501 4054 567 4104 hauc
586 4054 692 4105 domum
712 4060 856 4105 conventus
875 4062 978 4106 senten·

390 4142 427 4189 tia
445 4142 589 4191 faciendam

391 4228 468 4294 dedit,
489 4230 557 4278 idem
576 4231 705 4295 probavit.
855 4233 886 4286 cf.
906 4233 1007 4282 Nissen
1029 4249 1072 4298 pg.
1094 4232 1145 4285 168
1164 4248 1222 4297 sqq.
