<?xml version="1.0" encoding="UTF-8"?>
<!DOCTYPE html PUBLIC "-//W3C//DTD XHTML 1.0 Transitional//EN"
    "http://www.w3.org/TR/xhtml1/DTD/xhtml1-transitional.dtd">
<html xmlns="http://www.w3.org/1999/xhtml" xml:lang="en" lang="en">
 <head>
  <title>
</title>
<meta http-equiv="Content-Type" content="text/html;charset=utf-8" />
  <meta name='ocr-system' content='tesseract 3.04.00' />
  <meta name='ocr-capabilities' content='ocr_page ocr_carea ocr_par ocr_line ocrx_word'/>
</head>
<body>
  <div class='ocr_page' id='page_1' title='image "./decollegiisiuve00flosgoog_0011.png"; bbox 0 0 3292 5067; ppageno 0'>
   <div class='ocr_carea' id='block_1_1' title="bbox 731 429 890 484">
    <p class='ocr_par' dir='ltr' id='par_1_1' title="bbox 731 429 890 484">
     <span class='ocr_line' id='line_1_1' title="bbox 731 429 890 484; baseline 0.013 -17"><span class='ocrx_word' id='word_1_1' title='bbox 731 429 890 484; x_wconf 78' lang='lat'><strong>-7-</strong></span> 
     </span>
    </p>
   </div>
   <div class='ocr_carea' id='block_1_2' title="bbox 649 602 972 672">
    <p class='ocr_par' dir='ltr' id='par_1_2' title="bbox 649 602 972 704">
     <span class='ocr_line' id='line_1_2' title="bbox 649 602 972 672; baseline 0.019 -6"><span class='ocrx_word' id='word_1_2' title='bbox 649 602 694 670; x_wconf 88' lang='lat' dir='ltr'><strong>V.</strong></span> <span class='ocrx_word' id='word_1_3' title='bbox 718 602 972 672; x_wconf 84' lang='lat' dir='ltr'><strong>Dalmatia.</strong></span> 
     </span>
    </p>
   </div>
   <div class='ocr_carea' id='block_1_3' title="bbox 261 708 413 776">
    <p class='ocr_par' dir='ltr' id='par_1_3' title="bbox 261 708 413 776">
     <span class='ocr_line' id='line_1_3' title="bbox 261 708 413 776; baseline 0.013 -3"><span class='ocrx_word' id='word_1_4' title='bbox 261 708 413 776; x_wconf 80' lang='lat' dir='ltr'><strong>Narona.</strong></span> 
     </span>
    </p>
   </div>
   <div class='ocr_carea' id='block_1_4' title="bbox 261 850 1099 1053">
    <p class='ocr_par' dir='ltr' id='par_1_4' title="bbox 261 850 1099 1053">
     <span class='ocr_line' id='line_1_4' title="bbox 519 850 1099 931; baseline 0.009 -19"><span class='ocrx_word' id='word_1_5' title='bbox 519 850 578 916; x_wconf 86' lang='lat' dir='ltr'><strong>VI.</strong></span> <span class='ocrx_word' id='word_1_6' title='bbox 603 850 843 914; x_wconf 89' lang='lat' dir='ltr'><strong>Pannonia</strong></span> <span class='ocrx_word' id='word_1_7' title='bbox 867 850 1099 931; x_wconf 85' lang='lat' dir='ltr'>superior.</span> 
     </span>
     <span class='ocr_line' id='line_1_5' title="bbox 261 961 1005 1053; baseline 0 -18"><span class='ocrx_word' id='word_1_8' title='bbox 261 973 439 1053; x_wconf 65' lang='lat' dir='ltr'><strong>Poetovio</strong></span> <span class='ocrx_word' id='word_1_9' title='bbox 464 973 630 1053; x_wconf 83' lang='lat' dir='ltr'>Brigetio,</span> <span class='ocrx_word' id='word_1_10' title='bbox 1003 961 1005 963; x_wconf 55' lang='grc'><strong>’</strong></span> 
     </span>
    </p>
   </div>
   <div class='ocr_carea' id='block_1_5' title="bbox 642 1147 975 1216">
    <p class='ocr_par' dir='ltr' id='par_1_5' title="bbox 642 1147 975 1216">
     <span class='ocr_line' id='line_1_6' title="bbox 642 1147 975 1216; baseline 0.018 -6"><span class='ocrx_word' id='word_1_11' title='bbox 642 1147 718 1213; x_wconf 90' lang='lat' dir='ltr'>VII.</span> <span class='ocrx_word' id='word_1_12' title='bbox 743 1147 975 1216; x_wconf 83' lang='lat' dir='ltr'><strong>Noricum.</strong></span> 
     </span>
    </p>
   </div>
   <div class='ocr_carea' id='block_1_6' title="bbox 260 1270 691 1350">
    <p class='ocr_par' dir='ltr' id='par_1_6' title="bbox 260 1270 691 1350">
     <span class='ocr_line' id='line_1_7' title="bbox 260 1270 691 1350; baseline 0.002 -16"><span class='ocrx_word' id='word_1_13' title='bbox 260 1270 446 1350; x_wconf 85' lang='lat' dir='ltr'><strong>Virunum,</strong></span> <span class='ocrx_word' id='word_1_14' title='bbox 471 1271 691 1336; x_wconf 79' lang='lat' dir='ltr'><strong>Lauriacum.</strong></span> 
     </span>
    </p>
   </div>
   <div class='ocr_carea' id='block_1_7' title="bbox 234 1500 1419 2540">
    <p class='ocr_par' dir='ltr' id='par_1_7' title="bbox 234 1500 1419 2540">
     <span class='ocr_line' id='line_1_8' title="bbox 368 1500 1357 1583; baseline 0.002 -20"><span class='ocrx_word' id='word_1_15' title='bbox 368 1501 452 1564; x_wconf 91' lang='lat' dir='ltr'><strong>Inde</strong></span> <span class='ocrx_word' id='word_1_16' title='bbox 492 1504 616 1582; x_wconf 88' lang='lat' dir='ltr'><strong>elucet,</strong></span> <span class='ocrx_word' id='word_1_17' title='bbox 653 1518 759 1583; x_wconf 92' lang='lat' dir='ltr'><strong>quam</strong></span> <span class='ocrx_word' id='word_1_18' title='bbox 794 1510 891 1564; x_wconf 87' lang='lat' dir='ltr'><strong>recte</strong></span> <span class='ocrx_word' id='word_1_19' title='bbox 916 1500 1154 1564; x_wconf 89' lang='lat' dir='ltr'><strong>Mommsenus</strong></span> <span class='ocrx_word' id='word_1_20' title='bbox 1190 1500 1317 1565; x_wconf 85' lang='lat' dir='ltr'>dixerit</span> <span class='ocrx_word' id='word_1_21' title='bbox 1332 1504 1357 1583; x_wconf 89' lang='lat'><strong>¹)</strong></span> 
     </span>
     <span class='ocr_line' id='line_1_9' title="bbox 262 1591 1356 1688; baseline 0.001 -20"><span class='ocrx_word' id='word_1_22' title='bbox 262 1607 410 1687; x_wconf 81' lang='lat' dir='ltr'><strong>collegia</strong></span> <span class='ocrx_word' id='word_1_23' title='bbox 434 1607 602 1671; x_wconf 90' lang='lat' dir='ltr'><strong>iuvenum</strong></span> <span class='ocrx_word' id='word_1_24' title='bbox 626 1591 795 1671; x_wconf 70' lang='lat' dir='ltr'>satissime</span> <span class='ocrx_word' id='word_1_25' title='bbox 820 1607 941 1688; x_wconf 82' lang='lat' dir='ltr'>spargi</span> <span class='ocrx_word' id='word_1_26' title='bbox 972 1615 1006 1671; x_wconf 92' lang='lat' dir='ltr'><strong>et</strong></span> <span class='ocrx_word' id='word_1_27' title='bbox 1031 1606 1297 1669; x_wconf 81' lang='lat' dir='ltr'><strong>commemorari</strong></span> <span class='ocrx_word' id='word_1_28' title='bbox 1321 1606 1356 1669; x_wconf 90' lang='lat' dir='ltr'><strong>in</strong></span> 
     </span>
     <span class='ocr_line' id='line_1_10' title="bbox 260 1714 1357 1795; baseline 0.003 -20"><span class='ocrx_word' id='word_1_29' title='bbox 260 1714 378 1777; x_wconf 90' lang='lat' dir='ltr'><strong>multis</strong></span> <span class='ocrx_word' id='word_1_30' title='bbox 409 1715 616 1795; x_wconf 88' lang='lat' dir='ltr'><strong>municipiis.</strong></span> <span class='ocrx_word' id='word_1_31' title='bbox 664 1714 833 1778; x_wconf 84' lang='lat' dir='ltr'><strong>Miramur</strong></span> <span class='ocrx_word' id='word_1_32' title='bbox 856 1723 990 1792; x_wconf 84' lang='lat' dir='ltr'><strong>autem,</strong></span> <span class='ocrx_word' id='word_1_33' title='bbox 1019 1714 1114 1794; x_wconf 94' lang='lat' dir='ltr'><strong>quod</strong></span> <span class='ocrx_word' id='word_1_34' title='bbox 1137 1715 1255 1778; x_wconf 86' lang='lat' dir='ltr'><strong>nullus</strong></span> <span class='ocrx_word' id='word_1_35' title='bbox 1279 1715 1357 1779; x_wconf 92' lang='lat' dir='ltr'><strong>titu-</strong></span> 
     </span>
     <span class='ocr_line' id='line_1_11' title="bbox 260 1821 1356 1903; baseline 0.003 -21"><span class='ocrx_word' id='word_1_36' title='bbox 260 1822 314 1883; x_wconf 90' lang='lat' dir='ltr'><strong>lus</strong></span> <span class='ocrx_word' id='word_1_37' title='bbox 340 1821 480 1901; x_wconf 83' lang='lat' dir='ltr'><strong>collegii</strong></span> <span class='ocrx_word' id='word_1_38' title='bbox 503 1822 680 1901; x_wconf 85' lang='lat' dir='ltr'><strong>iuvenum,</strong></span> <span class='ocrx_word' id='word_1_39' title='bbox 715 1822 774 1903; x_wconf 90' lang='lat' dir='ltr'><strong>qui</strong></span> <span class='ocrx_word' id='word_1_40' title='bbox 797 1821 843 1884; x_wconf 89' lang='lat' dir='ltr'><strong>ad</strong></span> <span class='ocrx_word' id='word_1_41' title='bbox 871 1822 995 1884; x_wconf 91' lang='lat' dir='ltr'><strong>urbem</strong></span> <span class='ocrx_word' id='word_1_42' title='bbox 1018 1821 1166 1884; x_wconf 89' lang='lat' dir='ltr'><strong>Romam</strong></span> <span class='ocrx_word' id='word_1_43' title='bbox 1194 1822 1356 1902; x_wconf 85' lang='lat' dir='ltr'><strong>pertinet,</strong></span> 
     </span>
     <span class='ocr_line' id='line_1_12' title="bbox 260 1926 1355 2011; baseline 0.002 -22"><span class='ocrx_word' id='word_1_44' title='bbox 260 1927 375 1991; x_wconf 91' lang='lat' dir='ltr'><strong>adhuc</strong></span> <span class='ocrx_word' id='word_1_45' title='bbox 406 1928 569 2010; x_wconf 86' lang='lat' dir='ltr'><strong>innotuit;</strong></span> <span class='ocrx_word' id='word_1_46' title='bbox 605 1946 687 1991; x_wconf 89' lang='lat' dir='ltr'><strong>narn</strong></span> <span class='ocrx_word' id='word_1_47' title='bbox 720 1928 842 1991; x_wconf 91' lang='lat' dir='ltr'><strong>titulus</strong></span> <span class='ocrx_word' id='word_1_48' title='bbox 875 1928 1041 1991; x_wconf 90' lang='lat' dir='ltr'><strong>iuvenum</strong></span> <span class='ocrx_word' id='word_1_49' title='bbox 1074 1926 1219 1992; x_wconf 91' lang='lat' dir='ltr'><strong>Oeciani</strong></span> <span class='ocrx_word' id='word_1_50' title='bbox 1251 1932 1297 2011; x_wconf 87' lang='lat' dir='ltr'><strong>(n.</strong></span> <span class='ocrx_word' id='word_1_51' title='bbox 1326 1930 1355 2011; x_wconf 90' lang='lat' dir='ltr'><strong>l)</strong></span> 
     </span>
     <span class='ocr_line' id='line_1_13' title="bbox 260 2018 1419 2116; baseline 0.002 -21"><span class='ocrx_word' id='word_1_52' title='bbox 260 2034 344 2114; x_wconf 93' lang='lat' dir='ltr'><strong>quin</strong></span> <span class='ocrx_word' id='word_1_53' title='bbox 383 2035 523 2098; x_wconf 84' lang='lat' dir='ltr'><strong>aliunde</strong></span> <span class='ocrx_word' id='word_1_54' title='bbox 555 2034 645 2098; x_wconf 87' lang='lat' dir='ltr'><strong>forte</strong></span> <span class='ocrx_word' id='word_1_55' title='bbox 680 2035 832 2116; x_wconf 91' lang='lat' dir='ltr'><strong>quadam</strong></span> <span class='ocrx_word' id='word_1_56' title='bbox 854 2033 1003 2098; x_wconf 91' lang='lat' dir='ltr'><strong>Romam</strong></span> <span class='ocrx_word' id='word_1_57' title='bbox 1035 2034 1246 2115; x_wconf 89' lang='lat' dir='ltr'><strong>pervenerit,</strong></span> <span class='ocrx_word' id='word_1_58' title='bbox 1277 2052 1357 2098; x_wconf 90' lang='lat' dir='ltr'><strong>cum</strong></span> <span class='ocrx_word' id='word_1_59' title='bbox 1416 2018 1419 2022; x_wconf 50' lang='grc'><em>’</em></span> 
     </span>
     <span class='ocr_line' id='line_1_14' title="bbox 260 2138 1357 2223; baseline 0.003 -21"><span class='ocrx_word' id='word_1_60' title='bbox 260 2138 479 2203; x_wconf 90' lang='lat' dir='ltr'><strong>Mommseno</strong></span> <span class='ocrx_word' id='word_1_61' title='bbox 525 2160 628 2204; x_wconf 90' lang='lat' dir='ltr'><strong>nemo</strong></span> <span class='ocrx_word' id='word_1_62' title='bbox 669 2140 838 2203; x_wconf 82' lang='lat' dir='ltr'><strong>dubitabit</strong></span> <span class='ocrx_word' id='word_1_63' title='bbox 854 2144 888 2223; x_wconf 81' lang='lat'><strong>²).</strong></span> <span class='ocrx_word' id='word_1_64' title='bbox 937 2140 1007 2203; x_wconf 85' lang='lat' dir='ltr'><strong>Sed</strong></span> <span class='ocrx_word' id='word_1_65' title='bbox 1034 2140 1183 2203; x_wconf 90' lang='lat' dir='ltr'><strong>Romam</strong></span> <span class='ocrx_word' id='word_1_66' title='bbox 1216 2150 1357 2221; x_wconf 86' lang='lat' dir='ltr'><strong>praeter</strong></span> 
     </span>
     <span class='ocr_line' id='line_1_15' title="bbox 234 2241 1356 2328; baseline 0.003 -20"><span class='ocrx_word' id='word_1_67' title='bbox 234 2241 236 2244; x_wconf 75' lang='grc'><strong>’</strong></span> <span class='ocrx_word' id='word_1_68' title='bbox 263 2255 387 2310; x_wconf 91' lang='lat' dir='ltr'><strong>euntes</strong></span> <span class='ocrx_word' id='word_1_69' title='bbox 419 2248 570 2328; x_wconf 86' lang='lat' dir='ltr'><strong>collegia</strong></span> <span class='ocrx_word' id='word_1_70' title='bbox 603 2247 769 2310; x_wconf 91' lang='lat' dir='ltr'><strong>iuvenum</strong></span> <span class='ocrx_word' id='word_1_71' title='bbox 794 2254 868 2309; x_wconf 90' lang='lat' dir='ltr'><strong>tota</strong></span> <span class='ocrx_word' id='word_1_72' title='bbox 891 2245 1001 2326; x_wconf 88' lang='lat' dir='ltr'><strong>Italia,</strong></span> <span class='ocrx_word' id='word_1_73' title='bbox 1034 2246 1070 2309; x_wconf 93' lang='lat' dir='ltr'><strong>in</strong></span> <span class='ocrx_word' id='word_1_74' title='bbox 1097 2246 1259 2310; x_wconf 91' lang='lat' dir='ltr'><strong>omnibus</strong></span> <span class='ocrx_word' id='word_1_75' title='bbox 1282 2247 1356 2311; x_wconf 86' lang='lat' dir='ltr'><strong>fere</strong></span> 
     </span>
     <span class='ocr_line' id='line_1_16' title="bbox 259 2350 1357 2435; baseline 0.001 -21"><span class='ocrx_word' id='word_1_76' title='bbox 259 2351 451 2431; x_wconf 90' lang='lat' dir='ltr'><strong>provinciis</strong></span> <span class='ocrx_word' id='word_1_77' title='bbox 485 2354 657 2417; x_wconf 88' lang='lat' dir='ltr'><strong>habemns</strong></span> <span class='ocrx_word' id='word_1_78' title='bbox 693 2351 851 2434; x_wconf 85' lang='lat' dir='ltr'><strong>exceptis</strong></span> <span class='ocrx_word' id='word_1_79' title='bbox 874 2351 1055 2415; x_wconf 88' lang='lat' dir='ltr'><strong>Britannia</strong></span> <span class='ocrx_word' id='word_1_80' title='bbox 1091 2361 1125 2416; x_wconf 92' lang='lat' dir='ltr'><strong>et</strong></span> <span class='ocrx_word' id='word_1_81' title='bbox 1147 2350 1286 2435; x_wconf 85' lang='lat' dir='ltr'><strong>Africa;</strong></span> <span class='ocrx_word' id='word_1_82' title='bbox 1321 2352 1357 2415; x_wconf 92' lang='lat' dir='ltr'><strong>id</strong></span> 
     </span>
     <span class='ocr_line' id='line_1_17' title="bbox 261 2457 1356 2540; baseline -0.002 -19"><span class='ocrx_word' id='word_1_83' title='bbox 261 2458 354 2539; x_wconf 93' lang='lat' dir='ltr'><strong>quod</strong></span> <span class='ocrx_word' id='word_1_84' title='bbox 377 2458 425 2523; x_wconf 92' lang='lat' dir='ltr'><strong>ita</strong></span> <span class='ocrx_word' id='word_1_85' title='bbox 450 2460 651 2540; x_wconf 85' lang='lat' dir='ltr'><strong>expediam:</strong></span> <span class='ocrx_word' id='word_1_86' title='bbox 686 2459 726 2522; x_wconf 90' lang='lat' dir='ltr'><strong>In</strong></span> <span class='ocrx_word' id='word_1_87' title='bbox 749 2458 930 2522; x_wconf 89' lang='lat' dir='ltr'><strong>Britannia</strong></span> <span class='ocrx_word' id='word_1_88' title='bbox 953 2475 1012 2520; x_wconf 89' lang='lat' dir='ltr'><strong>res</strong></span> <span class='ocrx_word' id='word_1_89' title='bbox 1035 2457 1195 2521; x_wconf 88' lang='lat' dir='ltr'><strong>Romana</strong></span> <span class='ocrx_word' id='word_1_90' title='bbox 1217 2476 1288 2521; x_wconf 92' lang='lat' dir='ltr'><strong>non</strong></span> <span class='ocrx_word' id='word_1_91' title='bbox 1312 2457 1356 2523; x_wconf 90' lang='lat' dir='ltr'><strong>ad</strong></span> 
     </span>
    </p>
   </div>
   <div class='ocr_carea' id='block_1_8' title="bbox 260 2566 1466 2656">
    <p class='ocr_par' dir='ltr' id='par_1_8' title="bbox 260 2566 1466 2656">
     <span class='ocr_line' id='line_1_18' title="bbox 260 2566 1466 2656; baseline 0.002 -29"><span class='ocrx_word' id='word_1_92' title='bbox 260 2574 394 2628; x_wconf 90' lang='lat' dir='ltr'><strong>tantam</strong></span> <span class='ocrx_word' id='word_1_93' title='bbox 417 2567 489 2629; x_wconf 85' lang='lat' dir='ltr'><strong>vim</strong></span> <span class='ocrx_word' id='word_1_94' title='bbox 522 2576 628 2648; x_wconf 91' lang='lat' dir='ltr'><strong>atque</strong></span> <span class='ocrx_word' id='word_1_95' title='bbox 652 2566 899 2656; x_wconf 77' lang='lat' dir='ltr'><strong>auctoritatem</strong></span> <span class='ocrx_word' id='word_1_96' title='bbox 921 2567 1094 2647; x_wconf 79' lang='lat' dir='ltr'><strong>pervenit,</strong></span> <span class='ocrx_word' id='word_1_97' title='bbox 1127 2575 1162 2630; x_wconf 88' lang='lat' dir='ltr'><strong>et</strong></span> <span class='ocrx_word' id='word_1_98' title='bbox 1192 2566 1283 2630; x_wconf 92' lang='lat' dir='ltr'><strong>tituli</strong></span> <span class='ocrx_word' id='word_1_99' title='bbox 1306 2566 1355 2629; x_wconf 93' lang='lat' dir='ltr'><strong>ibi</strong></span> <span class='ocrx_word' id='word_1_100' title='bbox 1462 2638 1466 2646; x_wconf 46' lang='grc'>,</span> 
     </span>
    </p>
   </div>
   <div class='ocr_carea' id='block_1_9' title="bbox 259 2670 1356 3292">
    <p class='ocr_par' dir='ltr' id='par_1_9' title="bbox 259 2670 1353 2967">
     <span class='ocr_line' id='line_1_19' title="bbox 260 2670 1353 2756; baseline 0.004 -24"><span class='ocrx_word' id='word_1_101' title='bbox 260 2671 436 2734; x_wconf 84' lang='lat' dir='ltr'><strong>eruderari</strong></span> <span class='ocrx_word' id='word_1_102' title='bbox 470 2673 584 2738; x_wconf 86' lang='lat' dir='ltr'><strong>adhuc</strong></span> <span class='ocrx_word' id='word_1_103' title='bbox 619 2674 723 2756; x_wconf 89' lang='lat' dir='ltr'><strong>pauci</strong></span> <span class='ocrx_word' id='word_1_104' title='bbox 757 2680 854 2754; x_wconf 77' lang='lat' dir='ltr'><strong>sunt3</strong></span> <span class='ocrx_word' id='word_1_105' title='bbox 902 2672 936 2735; x_wconf 90' lang='lat' dir='ltr'><strong>in</strong></span> <span class='ocrx_word' id='word_1_106' title='bbox 972 2670 1095 2736; x_wconf 84' lang='lat' dir='ltr'><strong>Africa</strong></span> <span class='ocrx_word' id='word_1_107' title='bbox 1128 2681 1247 2736; x_wconf 91' lang='lat' dir='ltr'><strong>autem</strong></span> <span class='ocrx_word' id='word_1_108' title='bbox 1280 2681 1353 2736; x_wconf 91' lang='lat' dir='ltr'><strong>tam</strong></span> 
     </span>
     <span class='ocr_line' id='line_1_20' title="bbox 259 2779 1353 2860; baseline -0.001 -17"><span class='ocrx_word' id='word_1_109' title='bbox 259 2796 373 2858; x_wconf 88' lang='lat' dir='ltr'><strong>pauca</strong></span> <span class='ocrx_word' id='word_1_110' title='bbox 396 2779 549 2860; x_wconf 85' lang='lat' dir='ltr'><strong>vestigia</strong></span> <span class='ocrx_word' id='word_1_111' title='bbox 583 2780 724 2843; x_wconf 93' lang='lat' dir='ltr'><strong>omnino</strong></span> <span class='ocrx_word' id='word_1_112' title='bbox 758 2779 914 2843; x_wconf 91' lang='lat' dir='ltr'><strong>omnium</strong></span> <span class='ocrx_word' id='word_1_113' title='bbox 948 2779 1178 2859; x_wconf 81' lang='lat' dir='ltr'><strong>collegiorum</strong></span> <span class='ocrx_word' id='word_1_114' title='bbox 1213 2779 1353 2843; x_wconf 85' lang='lat' dir='ltr'><strong>exstite-</strong></span> 
     </span>
     <span class='ocr_line' id='line_1_21' title="bbox 260 2885 977 2967; baseline 0.006 -20"><span class='ocrx_word' id='word_1_115' title='bbox 260 2894 350 2965; x_wconf 87' lang='lat' dir='ltr'><strong>runt,</strong></span> <span class='ocrx_word' id='word_1_116' title='bbox 374 2894 413 2949; x_wconf 87' lang='lat' dir='ltr'><strong>ut</strong></span> <span class='ocrx_word' id='word_1_117' title='bbox 435 2903 538 2949; x_wconf 90' lang='lat' dir='ltr'><strong>nemo</strong></span> <span class='ocrx_word' id='word_1_118' title='bbox 563 2886 618 2965; x_wconf 87' lang='lat' dir='ltr'><strong>sit,</strong></span> <span class='ocrx_word' id='word_1_119' title='bbox 643 2885 702 2966; x_wconf 91' lang='lat' dir='ltr'><strong>qui</strong></span> <span class='ocrx_word' id='word_1_120' title='bbox 725 2885 761 2947; x_wconf 93' lang='lat' dir='ltr'><strong>id</strong></span> <span class='ocrx_word' id='word_1_121' title='bbox 783 2885 930 2948; x_wconf 91' lang='lat' dir='ltr'><strong>miretur</strong></span> <span class='ocrx_word' id='word_1_122' title='bbox 941 2888 977 2967; x_wconf 79' lang='grc'><strong>8).</strong></span> 
     </span>
    </p>

    <p class='ocr_par' dir='ltr' id='par_1_10' title="bbox 259 2991 1356 3292">
     <span class='ocr_line' id='line_1_22' title="bbox 366 2991 1356 3073; baseline 0.001 -19"><span class='ocrx_word' id='word_1_123' title='bbox 366 2993 468 3073; x_wconf 87' lang='lat' dir='ltr'><strong>Quod</strong></span> <span class='ocrx_word' id='word_1_124' title='bbox 491 2993 616 3057; x_wconf 90' lang='lat' dir='ltr'><strong>attinet</strong></span> <span class='ocrx_word' id='word_1_125' title='bbox 647 2992 854 3071; x_wconf 85' lang='lat' dir='ltr'><strong>adnomen,</strong></span> <span class='ocrx_word' id='word_1_126' title='bbox 889 2991 995 3072; x_wconf 83' lang='lat' dir='ltr'><strong>longe</strong></span> <span class='ocrx_word' id='word_1_127' title='bbox 1025 2991 1230 3072; x_wconf 89' lang='lat' dir='ltr'><strong>saepissime</strong></span> <span class='ocrx_word' id='word_1_128' title='bbox 1253 2991 1356 3055; x_wconf 92' lang='lat' dir='ltr'><strong>nobis</strong></span> 
     </span>
     <span class='ocr_line' id='line_1_23' title="bbox 260 3097 1356 3186; baseline -0.001 -26"><span class='ocrx_word' id='word_1_129' title='bbox 260 3097 411 3161; x_wconf 90' lang='lat' dir='ltr'><strong>occurrit</strong></span> <span class='ocrx_word' id='word_1_130' title='bbox 438 3097 623 3178; x_wconf 81' lang='lat' dir='ltr'><strong>‚‚iuvenes“</strong></span> <span class='ocrx_word' id='word_1_131' title='bbox 650 3098 725 3161; x_wconf 89' lang='lat' dir='ltr'><strong>sive</strong></span> <span class='ocrx_word' id='word_1_132' title='bbox 752 3098 956 3186; x_wconf 77' lang='lat' dir='ltr'><strong>„iuventus“</strong></span> <span class='ocrx_word' id='word_1_133' title='bbox 983 3100 1105 3180; x_wconf 92' lang='lat' dir='ltr'><strong>(semel</strong></span> <span class='ocrx_word' id='word_1_134' title='bbox 1128 3115 1161 3164; x_wconf 87' lang='lat' dir='ltr'><strong>n.</strong></span> <span class='ocrx_word' id='word_1_135' title='bbox 1186 3098 1228 3160; x_wconf 84' lang='lat'><strong>37</strong></span> <span class='ocrx_word' id='word_1_136' title='bbox 1252 3097 1356 3160; x_wconf 91' lang='lat' dir='ltr'><strong>habe-</strong></span> 
     </span>
     <span class='ocr_line' id='line_1_24' title="bbox 259 3200 1356 3292; baseline -0.002 -25"><span class='ocrx_word' id='word_1_137' title='bbox 259 3220 338 3267; x_wconf 94' lang='lat' dir='ltr'><strong>mus</strong></span> <span class='ocrx_word' id='word_1_138' title='bbox 369 3200 535 3292; x_wconf 80' lang='lat' dir='ltr'><strong>„iuvenes</strong></span> <span class='ocrx_word' id='word_1_139' title='bbox 559 3204 771 3287; x_wconf 79' lang='lat' dir='ltr'><strong>collegiati“)</strong></span> <span class='ocrx_word' id='word_1_140' title='bbox 795 3214 855 3269; x_wconf 92' lang='lat' dir='ltr'><strong>aut</strong></span> <span class='ocrx_word' id='word_1_141' title='bbox 880 3204 916 3267; x_wconf 94' lang='lat' dir='ltr'><strong>in</strong></span> <span class='ocrx_word' id='word_1_142' title='bbox 944 3204 1054 3268; x_wconf 90' lang='lat' dir='ltr'><strong>titulis</strong></span> <span class='ocrx_word' id='word_1_143' title='bbox 1079 3203 1356 3267; x_wconf 90' lang='lat' dir='ltr'><strong>Mediolaniensi-</strong></span> 
     </span>
    </p>
   </div>
   <div class='ocr_carea' id='block_1_10' title="bbox 258 3434 1357 4299">
    <p class='ocr_par' dir='ltr' id='par_1_11' title="bbox 359 3434 1324 3503">
     <span class='ocr_line' id='line_1_25' title="bbox 359 3434 1324 3503; baseline 0.001 -15"><span class='ocrx_word' id='word_1_144' title='bbox 359 3436 385 3499; x_wconf 89' lang='grc'><strong>1)</strong></span> <span class='ocrx_word' id='word_1_145' title='bbox 404 3437 434 3489; x_wconf 84' lang='lat' dir='ltr'><strong>cl.</strong></span> <span class='ocrx_word' id='word_1_146' title='bbox 454 3437 610 3503; x_wconf 88' lang='lat' dir='ltr'><strong>Mommsen,</strong></span> <span class='ocrx_word' id='word_1_147' title='bbox 629 3438 664 3487; x_wconf 87' lang='lat' dir='ltr'><strong>de</strong></span> <span class='ocrx_word' id='word_1_148' title='bbox 682 3435 800 3501; x_wconf 85' lang='lat' dir='ltr'><strong>collegiis</strong></span> <span class='ocrx_word' id='word_1_149' title='bbox 819 3442 845 3487; x_wconf 90' lang='lat' dir='ltr'><strong>et</strong></span> <span class='ocrx_word' id='word_1_150' title='bbox 863 3436 995 3487; x_wconf 84' lang='lat' dir='ltr'><strong>sodaliciis</strong></span> <span class='ocrx_word' id='word_1_151' title='bbox 1014 3438 1199 3487; x_wconf 79' lang='lat' dir='ltr'><strong>Romanorum</strong></span> <span class='ocrx_word' id='word_1_152' title='bbox 1217 3452 1262 3503; x_wconf 82' lang='lat' dir='ltr'><strong>pg.</strong></span> <span class='ocrx_word' id='word_1_153' title='bbox 1281 3434 1324 3489; x_wconf 86' lang='lat'><strong>83.</strong></span> 
     </span>
    </p>

    <p class='ocr_par' dir='ltr' id='par_1_12' title="bbox 358 3522 745 3589">
     <span class='ocr_line' id='line_1_26' title="bbox 358 3522 745 3589; baseline 0.003 -13"><span class='ocrx_word' id='word_1_154' title='bbox 358 3522 745 3589; x_wconf 54' lang='lat' dir='ltr'><strong>fflmQLLWnffi</strong></span> 
     </span>
    </p>

    <p class='ocr_par' dir='ltr' id='par_1_13' title="bbox 258 3611 1357 4299">
     <span class='ocr_line' id='line_1_27' title="bbox 357 3611 1354 3680; baseline -0.001 -16"><span class='ocrx_word' id='word_1_155' title='bbox 357 3611 385 3675; x_wconf 87' lang='grc'><strong>3)</strong></span> <span class='ocrx_word' id='word_1_156' title='bbox 403 3611 434 3662; x_wconf 87' lang='lat' dir='ltr'><strong>cf.</strong></span> <span class='ocrx_word' id='word_1_157' title='bbox 454 3611 618 3678; x_wconf 81' lang='lat' dir='ltr'><strong>Hirschfeld,</strong></span> <span class='ocrx_word' id='word_1_158' title='bbox 648 3611 781 3663; x_wconf 85' lang='lat' dir='ltr'><strong>Gallische</strong></span> <span class='ocrx_word' id='word_1_159' title='bbox 800 3613 910 3663; x_wconf 89' lang='lat' dir='ltr'><strong>Studien</strong></span> <span class='ocrx_word' id='word_1_160' title='bbox 929 3615 970 3663; x_wconf 89' lang='lat'><strong>111</strong></span> <span class='ocrx_word' id='word_1_161' title='bbox 992 3629 1032 3678; x_wconf 82' lang='lat' dir='ltr'><strong>pg.</strong></span> <span class='ocrx_word' id='word_1_162' title='bbox 1052 3611 1105 3665; x_wconf 78' lang='lat'><strong>249</strong></span> <span class='ocrx_word' id='word_1_163' title='bbox 1135 3653 1148 3680; x_wconf 88' lang='lat'><strong>,‚</strong></span> <span class='ocrx_word' id='word_1_164' title='bbox 1170 3652 1176 3665; x_wconf 91' lang='lat'><strong>.</strong></span> <span class='ocrx_word' id='word_1_165' title='bbox 1198 3651 1205 3664; x_wconf 82' lang='grc'><strong>.</strong></span> <span class='ocrx_word' id='word_1_166' title='bbox 1226 3652 1232 3665; x_wconf 92' lang='grc'><strong>.</strong></span> <span class='ocrx_word' id='word_1_167' title='bbox 1253 3613 1354 3679; x_wconf 85' lang='lat' dir='ltr'><strong>Africa,</strong></span> 
     </span>
     <span class='ocr_line' id='line_1_28' title="bbox 260 3700 1356 3765; baseline 0.002 -16"><span class='ocrx_word' id='word_1_168' title='bbox 260 3718 300 3750; x_wconf 89' lang='lat' dir='ltr'><strong>wo</strong></span> <span class='ocrx_word' id='word_1_169' title='bbox 318 3700 465 3765; x_wconf 86' lang='lat' dir='ltr'><strong>iiberhaupt</strong></span> <span class='ocrx_word' id='word_1_170' title='bbox 484 3701 531 3749; x_wconf 86' lang='lat' dir='ltr'><strong>der</strong></span> <span class='ocrx_word' id='word_1_171' title='bbox 549 3700 659 3764; x_wconf 87' lang='lat' dir='ltr'><strong>Mangel</strong></span> <span class='ocrx_word' id='word_1_172' title='bbox 678 3717 712 3751; x_wconf 89' lang='lat' dir='ltr'><strong>an</strong></span> <span class='ocrx_word' id='word_1_173' title='bbox 724 3701 861 3764; x_wconf 85' lang='lat' dir='ltr'><strong>Collegien</strong></span> <span class='ocrx_word' id='word_1_174' title='bbox 880 3702 941 3752; x_wconf 87' lang='lat' dir='ltr'><strong>sehr</strong></span> <span class='ocrx_word' id='word_1_175' title='bbox 959 3701 1185 3752; x_wconf 84' lang='lat' dir='ltr'><strong>bemerkenswert</strong></span> <span class='ocrx_word' id='word_1_176' title='bbox 1203 3703 1256 3751; x_wconf 88' lang='lat' dir='ltr'><strong>und</strong></span> <span class='ocrx_word' id='word_1_177' title='bbox 1276 3701 1356 3752; x_wconf 89' lang='lat' dir='ltr'><strong>allem</strong></span> 
     </span>
     <span class='ocr_line' id='line_1_29' title="bbox 259 3787 1355 3857; baseline 0.002 -18"><span class='ocrx_word' id='word_1_178' title='bbox 259 3789 410 3839; x_wconf 89' lang='lat' dir='ltr'><strong>Anscheine</strong></span> <span class='ocrx_word' id='word_1_179' title='bbox 438 3787 506 3839; x_wconf 86' lang='lat' dir='ltr'><strong>nach</strong></span> <span class='ocrx_word' id='word_1_180' title='bbox 534 3789 581 3838; x_wconf 84' lang='lat' dir='ltr'><strong>auf</strong></span> <span class='ocrx_word' id='word_1_181' title='bbox 605 3789 719 3839; x_wconf 83' lang='lat' dir='ltr'><strong>hiiheres</strong></span> <span class='ocrx_word' id='word_1_182' title='bbox 738 3790 841 3840; x_wconf 86' lang='lat' dir='ltr'><strong>Verbot</strong></span> <span class='ocrx_word' id='word_1_183' title='bbox 865 3790 1087 3841; x_wconf 74' lang='lat' dir='ltr'><strong>zurtckzuftrhren</strong></span> <span class='ocrx_word' id='word_1_184' title='bbox 1106 3788 1165 3842; x_wconf 84' lang='lat' dir='ltr'><strong>ist.“</strong></span> <span class='ocrx_word' id='word_1_185' title='bbox 1203 3791 1355 3857; x_wconf 73' lang='lat' dir='ltr'><strong>Liebenm,</strong></span> 
     </span>
     <span class='ocr_line' id='line_1_30' title="bbox 258 3876 1357 3945; baseline 0.004 -20"><span class='ocrx_word' id='word_1_186' title='bbox 258 3877 275 3925; x_wconf 90' lang='lat'><strong>1.</strong></span> <span class='ocrx_word' id='word_1_187' title='bbox 296 3893 318 3925; x_wconf 91' lang='lat' dir='ltr'><strong>c.</strong></span> <span class='ocrx_word' id='word_1_188' title='bbox 337 3894 379 3942; x_wconf 86' lang='lat' dir='ltr'><strong>pg.</strong></span> <span class='ocrx_word' id='word_1_189' title='bbox 399 3876 459 3930; x_wconf 84' lang='lat'>152.</span> <span class='ocrx_word' id='word_1_190' title='bbox 500 3878 575 3945; x_wconf 86' lang='lat' dir='ltr'><strong>„Ans</strong></span> <span class='ocrx_word' id='word_1_191' title='bbox 594 3877 714 3928; x_wconf 86' lang='lat' dir='ltr'><strong>welchen</strong></span> <span class='ocrx_word' id='word_1_192' title='bbox 733 3879 861 3929; x_wconf 86' lang='lat' dir='ltr'><strong>Griinden</strong></span> <span class='ocrx_word' id='word_1_193' title='bbox 881 3879 934 3929; x_wconf 92' lang='lat' dir='ltr'><strong>sich</strong></span> <span class='ocrx_word' id='word_1_194' title='bbox 954 3880 1001 3929; x_wconf 93' lang='lat' dir='ltr'><strong>das</strong></span> <span class='ocrx_word' id='word_1_195' title='bbox 1010 3878 1212 3931; x_wconf 87' lang='lat' dir='ltr'><strong>Vereinswesen</strong></span> <span class='ocrx_word' id='word_1_196' title='bbox 1231 3881 1259 3929; x_wconf 90' lang='lat' dir='ltr'><strong>in</strong></span> <span class='ocrx_word' id='word_1_197' title='bbox 1268 3880 1357 3930; x_wconf 80' lang='lat' dir='ltr'><strong>Africa</strong></span> 
     </span>
     <span class='ocr_line' id='line_1_31' title="bbox 260 3966 1356 4033; baseline 0.005 -20"><span class='ocrx_word' id='word_1_198' title='bbox 260 3979 291 4013; x_wconf 93' lang='lat' dir='ltr'><strong>so</strong></span> <span class='ocrx_word' id='word_1_199' title='bbox 311 3966 399 4029; x_wconf 85' lang='lat' dir='ltr'><strong>wenig</strong></span> <span class='ocrx_word' id='word_1_200' title='bbox 416 3966 591 4033; x_wconf 86' lang='lat' dir='ltr'><strong>entwickelte‚</strong></span> <span class='ocrx_word' id='word_1_201' title='bbox 621 3966 655 4017; x_wconf 91' lang='lat' dir='ltr'><strong>ist</strong></span> <span class='ocrx_word' id='word_1_202' title='bbox 673 3967 744 4016; x_wconf 89' lang='lat' dir='ltr'><strong>nicht</strong></span> <span class='ocrx_word' id='word_1_203' title='bbox 761 3967 888 4019; x_wconf 88' lang='lat' dir='ltr'><strong>bekannt.</strong></span> <span class='ocrx_word' id='word_1_204' title='bbox 924 3969 993 4018; x_wconf 85' lang='lat' dir='ltr'><strong>Was</strong></span> <span class='ocrx_word' id='word_1_205' title='bbox 1017 3969 1061 4018; x_wconf 87' lang='lat' dir='ltr'><strong>die</strong></span> <span class='ocrx_word' id='word_1_206' title='bbox 1080 3967 1272 4031; x_wconf 84' lang='lat' dir='ltr'><strong>gewerblichen</strong></span> <span class='ocrx_word' id='word_1_207' title='bbox 1291 3969 1356 4018; x_wconf 89' lang='lat' dir='ltr'><strong>Ver-</strong></span> 
     </span>
     <span class='ocr_line' id='line_1_32' title="bbox 260 4053 1356 4121; baseline 0.004 -19"><span class='ocrx_word' id='word_1_208' title='bbox 260 4053 347 4102; x_wconf 75' lang='lat' dir='ltr'><strong>bande</strong></span> <span class='ocrx_word' id='word_1_209' title='bbox 366 4054 508 4120; x_wconf 73' lang='lat' dir='ltr'><strong>anbetriffi,</strong></span> <span class='ocrx_word' id='word_1_210' title='bbox 537 4072 566 4105; x_wconf 88' lang='lat' dir='ltr'><strong>so</strong></span> <span class='ocrx_word' id='word_1_211' title='bbox 585 4056 655 4104; x_wconf 88' lang='lat' dir='ltr'><strong>kann</strong></span> <span class='ocrx_word' id='word_1_212' title='bbox 673 4066 743 4105; x_wconf 89' lang='lat' dir='ltr'><strong>man</strong></span> <span class='ocrx_word' id='word_1_213' title='bbox 757 4056 804 4105; x_wconf 85' lang='lat' dir='ltr'><strong>aui</strong></span> <span class='ocrx_word' id='word_1_214' title='bbox 830 4056 875 4105; x_wconf 88' lang='lat' dir='ltr'><strong>die</strong></span> <span class='ocrx_word' id='word_1_215' title='bbox 894 4055 1008 4120; x_wconf 75' lang='lat' dir='ltr'><strong>durftige</strong></span> <span class='ocrx_word' id='word_1_216' title='bbox 1027 4056 1181 4121; x_wconf 83' lang='lat' dir='ltr'><strong>Entsaltung</strong></span> <span class='ocrx_word' id='word_1_217' title='bbox 1199 4057 1246 4106; x_wconf 88' lang='lat' dir='ltr'><strong>des</strong></span> <span class='ocrx_word' id='word_1_218' title='bbox 1265 4058 1356 4107; x_wconf 90' lang='lat' dir='ltr'><strong>Hand·</strong></span> 
     </span>
     <span class='ocr_line' id='line_1_33' title="bbox 258 4140 1357 4215; baseline 0.008 -25"><span class='ocrx_word' id='word_1_219' title='bbox 258 4140 359 4191; x_wconf 85' lang='lat' dir='ltr'><strong>werkes</strong></span> <span class='ocrx_word' id='word_1_220' title='bbox 377 4143 523 4209; x_wconf 87' lang='lat' dir='ltr'><strong>iiberhaupt</strong></span> <span class='ocrx_word' id='word_1_221' title='bbox 540 4144 686 4195; x_wconf 85' lang='lat' dir='ltr'><strong>hinweisen</strong></span> <span class='ocrx_word' id='word_1_222' title='bbox 714 4143 777 4212; x_wconf 81' lang='lat' dir='ltr'><strong>(vgl.</strong></span> <span class='ocrx_word' id='word_1_223' title='bbox 797 4147 827 4200; x_wconf 85' lang='lat' dir='ltr'><strong>C.</strong></span> <span class='ocrx_word' id='word_1_224' title='bbox 845 4148 914 4198; x_wconf 85' lang='lat' dir='ltr'>VIII</span> <span class='ocrx_word' id='word_1_225' title='bbox 931 4164 974 4213; x_wconf 85' lang='lat' dir='ltr'><strong>pg.</strong></span> <span class='ocrx_word' id='word_1_226' title='bbox 993 4146 1092 4215; x_wconf 81' lang='lat'>1102);</span> <span class='ocrx_word' id='word_1_227' title='bbox 1118 4147 1203 4198; x_wconf 83' lang='lat' dir='ltr'><strong>selbst</strong></span> <span class='ocrx_word' id='word_1_228' title='bbox 1220 4148 1262 4197; x_wconf 86' lang='lat' dir='ltr'><strong>die</strong></span> <span class='ocrx_word' id='word_1_229' title='bbox 1282 4155 1357 4199; x_wconf 87' lang='lat' dir='ltr'><strong>sonst</strong></span> 
     </span>
     <span class='ocr_line' id='line_1_34' title="bbox 260 4229 1234 4299; baseline 0.007 -20"><span class='ocrx_word' id='word_1_230' title='bbox 260 4246 289 4280; x_wconf 92' lang='lat' dir='ltr'><strong>so</strong></span> <span class='ocrx_word' id='word_1_231' title='bbox 309 4229 429 4294; x_wconf 73' lang='lat' dir='ltr'><strong>hiufigen</strong></span> <span class='ocrx_word' id='word_1_232' title='bbox 448 4232 566 4298; x_wconf 85' lang='lat' dir='ltr'><strong>Collegia</strong></span> <span class='ocrx_word' id='word_1_233' title='bbox 585 4234 688 4284; x_wconf 83' lang='lat' dir='ltr'><strong>labrum</strong></span> <span class='ocrx_word' id='word_1_234' title='bbox 708 4241 734 4284; x_wconf 89' lang='lat' dir='ltr'><strong>et</strong></span> <span class='ocrx_word' id='word_1_235' title='bbox 753 4232 963 4286; x_wconf 84' lang='lat' dir='ltr'><strong>centonariorum</strong></span> <span class='ocrx_word' id='word_1_236' title='bbox 982 4235 1070 4286; x_wconf 84' lang='lat' dir='ltr'><strong>iehlen</strong></span> <span class='ocrx_word' id='word_1_237' title='bbox 1090 4233 1234 4299; x_wconf 70' lang='lat' dir='ltr'><strong>ganzlich.“</strong></span> 
     </span>
    </p>
   </div>
   <div class='ocr_carea' id='block_1_11' title="bbox 0 0 1650 5067">
    <p class='ocr_par' dir='ltr' id='par_1_14' title="bbox 0 0 1650 5067">
     <span class='ocr_line' id='line_1_35' title="bbox 0 0 1650 5067; baseline 0 0"><span class='ocrx_word' id='word_1_238' title='bbox 0 0 1650 5067; x_wconf 95' lang='lat' dir='ltr'><strong> </strong></span> 
     </span>
    </p>
   </div>
  </div>
 </body>
</html>
