3292 5067
757 470 931 523 -12-

292 647 436 719 propter
450 656 619 721 magnum
644 649 832 720 sumptum,
855 657 960 721 quem
981 640 1188 720 afferebant,
1209 659 1385 720 recusare,

292 745 520 808 haecomnia
543 745 678 808 incerta
710 755 791 809 sunt
803 750 837 827 ¹).
884 746 951 809 Hic
983 747 1068 810 mihi
1091 748 1195 810 liceat
1219 733 1386 811 Schr'essii

292 851 411 915 verbis
434 851 495 930 uti,
520 868 611 932 quae
626 853 818 926 n0n‚mod0
835 853 880 915 ad
900 853 1051 934 collegia
1075 853 1283 917 funeraticia
1306 871 1388 935 qua-

292 956 405 1037 drant,
430 958 493 1020 sed
517 957 623 1020 etiam
647 959 693 1021 ad
715 958 882 1021 iuvenes:
917 945 1013 1023 Uber
1036 960 1092 1023 die
1115 960 1301 1024 Behlirden
1326 962 1389 1023 der

292 1062 473 1144 Collegien
507 1064 627 1126 lassen
661 1063 736 1125 sich
771 1072 863 1127 trotz
897 1065 961 1127 der
994 1066 1218 1128 zahlreichen
1241 1067 1388 1130 Erwah-

291 1186 434 1250 nungen
458 1169 567 1231 leider
590 1169 686 1232 nicht
710 1188 750 1232 so
774 1187 912 1251 genaue
936 1172 1112 1253 Angaben
1135 1173 1296 1252 machen,
1335 1176 1388 1237 als

291 1276 594 1339 wunschenswert
609 1284 716 1352 ware,
740 1277 935 1340 besonders
959 1278 1023 1341 das
1046 1280 1289 1361 gegenseitige
1302 1280 1388 1343 Ver-

291 1382 420 1445 hannis
443 1383 516 1445 und
541 1382 596 1444 die
619 1381 831 1464 Verteilung
855 1384 918 1446 der
929 1383 1150 1448 Funktionen
1174 1386 1269 1449 kann
1292 1387 1388 1450 nicht

291 1491 415 1553 immer
443 1491 566 1553 scharf
595 1491 813 1572 abgegrenzt
847 1492 1001 1570 werden,
1037 1493 1118 1555 weil
1152 1493 1218 1555 wir
1252 1510 1319 1555 nur
1353 1494 1388 1555 in

291 1598 455 1678 wenigen
467 1597 589 1660 Fallen
613 1599 681 1660 alle
693 1598 863 1661 Beamten
888 1599 985 1661 eines
998 1598 1214 1680 Collegiums
1238 1601 1387 1679 kennen,

293 1705 454 1785 dagegen
478 1704 535 1767 bei
559 1704 673 1767 einem
688 1706 766 1767 blos
790 1723 862 1767 von
887 1705 1018 1784 diesen,
1043 1706 1100 1768 bei
1116 1706 1230 1768 einem
1254 1706 1388 1769 andern

291 1829 362 1873 von
382 1810 488 1891 jenen
511 1811 742 1874 unterrichtet
765 1812 844 1874 sind
856 1815 893 1893 2).

397 1915 446 1980 At
470 1917 696 1997 inspiciamus
725 1918 884 1997 singulos
914 1919 1143 1999 magistratus
1167 1920 1387 2000 primumque

291 2032 485 2085 tractemus
531 2023 731 2104 magistros.
786 2023 947 2103 Magistri
986 2025 1112 2087 summi
1159 2025 1388 2106 magistratus

292 2129 635 2211 collegiorum2.sunt
668 2130 717 2212 (in
745 2130 922 2192 nonnullis
952 2131 1110 2211 collegiis
1134 2131 1295 2211 magistri
1318 2149 1388 2193 orn-

292 2236 395 2298 nibus
430 2236 635 2298 muneribus
664 2235 882 2318 funguntur).
929 2236 1056 2299 Munus
1090 2254 1212 2299 eorum
1238 2247 1388 2300 vocatur

291 2341 542 2422 magisterium,
572 2350 611 2405 ut
634 2350 781 2421 apparet
808 2361 854 2404 ex
882 2343 982 2405 titulo
1011 2362 1044 2412 n.
1069 2346 1122 2409 52.
1169 2342 1328 2406 Durasse
1352 2344 1388 2406 id

290 2464 399 2511 unum
426 2466 557 2510 annum
590 2449 795 2528 comprobat
819 2448 1010 2531 Schiess³);
1046 2450 1110 2512 sed
1132 2449 1240 2512 nihilo
1273 2450 1387 2513 minus

290 2556 391 2619 nobis
427 2562 616 2617 occurrunt
650 2553 811 2634 magistri
835 2555 1114 2633 quinquennales
1125 2559 1152 2636 4)
1187 2555 1264 2618 sive
1292 2555 1388 2635 quin·

291 2664 483 2743 quennales
508 2660 590 2723 dicti
615 2660 635 2725 i.
661 2677 691 2725 e.
715 2661 876 2740 magistri
900 2661 934 2722 in
959 2661 1233 2742 quinquennium
1257 2661 1386 2743 dicti5).

290 2767 481 2851 Magistros
505 2767 671 2828 iuvenum
699 2767 869 2845 praebent
898 2767 989 2830 tituli
1016 2786 1075 2833 nn.
1100 2767 1153 2845 25,
1177 2769 1228 2845 26,
1255 2768 1308 2846 27,
1333 2767 1386 2845 29,

291 2875 343 2952 30,
361 2875 414 2953 31,
431 2874 484 2952 32,
502 2873 555 2949 33,
577 2872 630 2951 34,
655 2872 708 2952 35,
733 2873 786 2953 36,
812 2874 865 2950 38,
890 2873 942 2957 42,
968 2874 1021 2952 46,
1046 2874 1098 2952 61,
1124 2875 1176 2952 73,
1201 2873 1387 2953 inquibus

290 2999 323 3046 n.
348 2981 391 3045 26
415 2996 494 3041 eam
518 2980 562 3041 ob
586 2995 662 3041 rem
690 2980 867 3042 notandus
892 2989 955 3059 est,
992 2981 1086 3061 quod
1114 2980 1221 3043 habet
1245 2980 1387 3042 inverso

290 3087 480 3149 verborum
504 3084 625 3148 ordine
651 3084 839 3164 „iuvenum
864 3086 1066 3166 magister“.
1113 3086 1304 3166 Magistros
1328 3087 1387 3149 ite-

290 3210 368 3255 rum
392 3210 434 3254 ac
458 3192 599 3272 saepius
619 3209 763 3254 munere
788 3192 887 3274 fungi
902 3194 1071 3273 potuisse,
1095 3193 1257 3256 videmus
1281 3212 1326 3256 ex
1349 3194 1387 3255 ti-

290 3300 372 3363 tulis
396 3318 427 3362 n.
447 3298 488 3361 27
514 3299 696 3381 (magister
713 3299 879 3361 iuvenum
903 3300 1065 3381 primum)
1091 3318 1123 3365 n.
1137 3300 1179 3362 46
1204 3300 1388 3381 (magister

290 3406 457 3468 iuvenum
480 3404 631 3487 iterum),
654 3423 688 3468 n.
713 3404 755 3466 38
781 3404 964 3485 (magister
987 3404 1179 3467 iuventutis
1204 3405 1281 3487 bis).
1317 3405 1387 3468 Ma·

291 3512 421 3592 gistros
445 3509 595 3590 primum
625 3512 741 3573 locum
773 3509 865 3572 inter
897 3511 1125 3590 magistratus
1158 3510 1387 3590 collegiorum

290 3698 503 3707 ——-----

390 3809 417 3877 1)
436 3810 467 3861 cf.
488 3816 575 3859 tamen
595 3809 738 3859 Liebenam
756 3825 800 3876 pg.
820 3808 873 3863 199
892 3826 949 3876 sqq.

389 3897 417 3967 2)
436 3899 469 3952 cl.
483 3898 598 3965 Schiess,
617 3898 670 3947 Die
690 3897 839 3948 romischen
852 3899 977 3962 collegia
995 3899 1153 3965 funeraticia‚
1172 3897 1308 3948 Miinchen
1319 3897 1388 3951 1888

194 4019 198 4031 ·
290 4004 333 4055 pg.
353 3987 398 4041 41.

388 4076 417 4145 3)
437 4077 469 4129 cl.
488 4076 593 4127 Schiess
612 4077 630 4129 l.
650 4093 671 4132 c.
690 4093 733 4143 pg.
752 4076 796 4131 44.

388 4165 417 4233 4)
437 4166 468 4216 cs.
490 4181 515 4217 n.
536 4163 578 4219 15.

389 4253 418 4322 5)
436 4271 461 4306 n.
482 4252 518 4307 30
536 4254 628 4304 dicitur
646 4255 848 4321 quinquennalis
867 4263 1009 4320 perpetuus
1029 4255 1172 4305 sevirorum
1191 4255 1387 4318 Augustalium.
