3292 5067
795 392 972 454 ..13-

336 566 434 650 gulis,
451 563 507 629 die
530 564 639 629 natali
654 563 763 644 ipsius
787 581 833 628 ex
849 562 966 626 usuris
989 562 1166 642 sportulas
1182 559 1431 641 praesentibus

336 671 524 738 dividant.“
573 670 613 734 N.
638 671 681 733 39
714 678 856 733 curator
891 671 989 730 lusus
1022 667 1190 730 iuvenum
1222 666 1266 728 ob
1291 674 1431 728 statuae

337 779 590 843 dedicationem
614 777 709 839 dedit
732 775 918 837 iuvenibus
943 773 1144 837 sestertium
1168 773 1313 853 triginta
1335 771 1432 834 milia

335 902 516 949 nummum
540 884 677 950 adiecto
701 900 791 962 pane
816 891 852 944 et
867 881 950 943 vino
975 880 1207 959 epulantibus.
1255 878 1432 942 Nonnum-

337 1010 442 1073 quam
465 992 642 1054 minantur
665 990 698 1068 ii,
723 988 783 1069 qui
806 987 979 1066 dedicant,
997 989 1164 1066 legatum,
1189 986 1218 1048 si
1243 985 1432 1065 collegium

336 1099 381 1178 id,
406 1098 500 1178 quod
523 1095 843 1186 praescripsissent,
869 1093 1099 1173 neglexerint,
1128 1092 1173 1154 ad
1197 1092 1285 1155 alios
1308 1090 1429 1156 transi-

336 1215 454 1268 turum
477 1221 566 1269 esse.
612 1202 691 1265 Huc
714 1210 851 1282 spectat
875 1219 907 1262 n.
932 1201 986 1277 54,
1026 1200 1154 1279 inquo
1178 1199 1279 1262 titulo
1302 1198 1348 1262 M.
1369 1196 1431 1260 Ca-

337 1311 477 1378 barsius
492 1309 635 1374 Patiens
661 1308 802 1389 quidam
828 1307 922 1370 dedit
947 1306 1111 1376 denarios
1134 1305 1270 1385 viginti,
1294 1314 1332 1367 ut
1356 1321 1431 1383 pro-

255 1457 261 1484 ;
338 1418 566 1489 funderentur
590 1416 633 1478 de
657 1415 774 1477 usuris
798 1413 932 1477 denarii
956 1421 1039 1491 tres,
1074 1421 1108 1475 et
1132 1412 1263 1492 pergit:
1299 1410 1435 1490 Quodsi

338 1523 569 1604 neglexerint,
602 1521 673 1586 filio
706 1522 782 1584 eius
817 1519 966 1582 reddere
996 1518 1174 1581 debebunt
1197 1517 1361 1581 denarios
1385 1516 1435 1579 vi-

271 1625 278 1632 ’
339 1630 437 1710 ginti,
474 1638 534 1698 aut
557 1628 587 1692 si
611 1628 689 1709 quis
712 1628 817 1690 heres
847 1625 982 1690 fuerit.“
1030 1625 1072 1691 N.
1097 1624 1140 1688 58
1169 1624 1205 1686 in
1228 1623 1435 1686 memoriam

338 1737 431 1800 filiae
454 1744 613 1799 mortuae
639 1735 723 1798 dant
746 1740 911 1813 parentes
935 1732 1143 1812 superstites
1167 1731 1305 1793 iuvenis
1329 1729 1435 1793 Coro-

339 1841 550 1924 gennatibus
575 1841 737 1904 denarios
762 1839 1049 1920 quadringentos,
1079 1856 1124 1900 ex
1148 1854 1296 1920 quorum
1319 1836 1434 1898 reditu

340 1947 527 2030 quotannis
565 1955 723 2026 tempore
758 1946 1038 2009 Parentaliarum
1073 1953 1108 2008 et
1142 1961 1246 2007 rosae
1282 1957 1433 2006 coronae

338 2066 462 2140 ,ternae
485 2061 659 2135 ponantur
680 2062 716 2115 at
739 2052 962 2133 profusiones
978 2068 1043 2114 suo
1067 2068 1206 2131 quoque
1223 2067 1315 2113 anno
1338 2049 1432 2128 fiant,

340 2162 386 2226 ad
409 2162 497 2224 haec
521 2160 716 2223 clausulam
739 2158 946 2221 adicientes:
972 2158 1097 2238 quodsi
1119 2158 1271 2221 iuvenae
1294 2174 1365 2218 non
1389 2154 1434 2217 se-

227 2275 233 2284 '
341 2268 462 2346 cerint,
495 2267 680 2330 restituere
705 2265 882 2329 debebunt
909 2265 1046 2328 vicanis
1070 2263 1375 2345 Corogennatibus
1400 2269 1436 2323 et

341 2374 391 2437 illi
413 2373 449 2435 id
472 2373 721 2435 observabunt.
769 2372 925 2450 Quorum
942 2371 1097 2433 omniurn
1119 2371 1300 2434 titulorum
1323 2366 1435 2430 maior

341 2499 425 2562 pars
448 2479 569 2543 Italiae
586 2478 783 2559 Superioris
801 2487 854 2541 est
871 2488 1096 2559 apparetque,
1122 2495 1225 2559 quam
1243 2478 1336 2540 bono
1360 2476 1435 2537 iure

341 2588 533 2650 Liebenam
556 2586 732 2667 dixerit1):
780 2585 1086 2649 Bemerkenswert
1110 2584 1189 2649 sind
1212 2584 1268 2646 die
1292 2581 1435 2646 zahlrei

341 2694 432 2758 chen
445 2692 705 2771 Schenkungen
728 2692 785 2754 bei
802 2691 983 2771 Collegien
1006 2691 1042 2752 in
1066 2690 1135 2754 den
1158 2688 1306 2753 Stadten
1329 2686 1437 2750 Ober-

232 2875 234 2879 ,
342 2800 494 2878 ItalienS,
529 2817 585 2861 wo
622 2798 685 2861 das
709 2798 982 2861 Vereinswesen
1014 2797 1050 2864 iu
1085 2796 1301 2859 besonderer
1334 2793 1436 2860 Bliite

344 2904 540 2986 gestanden
575 2922 618 2966 zu
653 2904 768 2967 haben
803 2904 949 2969 scheint.
997 2904 1075 2982 Qua
1108 2902 1145 2965 in
1179 2919 1217 2965 re
1245 2900 1437 2963 Liebenam

344 3031 414 3075 non
438 3012 576 3080 silentio
608 3012 776 3093 praeterit
808 3009 966 3074 initalia
990 3011 1074 3078 talia
1098 3010 1190 3072 dona
1218 3008 1378 3089 accipere
1402 3006 1437 3068 li-

342 3120 472 3198 cuisse,
508 3118 687 3181 rarissime
723 3127 847 3181 contra
879 3118 914 3180 in
949 3116 1150 3197 provinciis.
1196 3114 1370 3195 Imprimis
1404 3113 1438 3190 ii,

344 3226 404 3306 qui
427 3224 619 3287 honoribus
643 3224 835 3304 funguntur
860 3233 920 3285 aut
943 3222 1053 3285 functi
1076 3230 1167 3300 sunt,
1192 3221 1227 3283 in
1251 3219 1438 3299 collegium

343 3339 466 3411 gratos
491 3348 529 3392 se
554 3338 736 3410 praestant
760 3329 1038 3392 dedicationibus
1062 3328 1259 3408 legatisque
1268 3329 1303 3410 ²).

451 3435 566 3504 Etiam
601 3453 707 3516 agros
735 3436 918 3515 acquirere
942 3434 1128 3497 iuvenibus
1151 3433 1292 3495 licuisse
1316 3432 1438 3495 titulus

344 3562 378 3610 n.
403 3543 445 3608 24
469 3542 630 3622 ostendit,
665 3543 701 3605 in
725 3560 793 3623 quo
821 3541 1007 3604 iuvenibus
1027 3541 1055 3603 F
1058 3539 1228 3604 ificulanis
1252 3538 1334 3604 Sex,
1358 3536 1439 3600 Aia·

346 3650 423 3712 dius
447 3647 647 3729 Agatheme
671 3649 813 3729 quidam
837 3656 1047 3711 testamento
1080 3646 1220 3727 reliquit
1253 3645 1330 3725 agri
1359 3645 1437 3723 plus

345 3755 460 3817 minus
484 3754 606 3833 ingera
630 3764 780 3821 centum.

453 3861 588 3939 Quibus
611 3880 656 3924 ex
679 3861 842 3924 omnibus
862 3860 1139 3924 dedicationibus
1155 3860 1279 3939 elucet,
1309 3864 1439 3938 quanta

446 4091 473 4160 l)
493 4093 525 4145 cf.
544 4094 685 4143 Liebenam
704 4108 746 4159 pg.
766 4091 818 4145 249
837 4093 897 4145 adn.
916 4091 941 4144 2.

445 4179 474 4245 2)
492 4183 523 4234 cf.
544 4182 621 4231 etiam
641 4198 684 4234 nn.
703 4182 747 4247 40,
766 4180 810 4234 62.
